3116 4822
273 367 330 420 XII
732 369 947 422 PRAEFATIO.

273 539 388 625 pratia
409 539 460 601 uti
481 537 655 618 videretur,
678 559 711 601 se
733 535 913 602 electionem
936 538 1065 623 quidem
1070 539 1204 624 factam
1219 545 1397 628 ipnoscere,

273 623 330 688 sed
350 623 483 687 irritam
504 643 537 684 se
549 621 631 706 fore
652 643 789 686 censere.
827 620 984 703 Cicenses,
1003 623 1062 687 boc
1077 647 1233 708 responso
1255 630 1396 712 impera·

273 708 354 772 toris
406 706 577 787 erturbati,
602 715 710 770 tamen
731 727 799 770 non
820 705 1014 770 destiterunt
1033 709 1172 793 incepto,
1195 711 1252 774 sed
1273 713 1351 776 inde
1375 737 1397 777 a

273 729 431 856 301ου.
459 813 562 876 usque
591 789 676 854 diem
705 798 773 853 nat.
799 787 921 854 Christi
947 813 1011 874 pro
1033 791 1127 858 electo
1141 791 1287 874 fideliter
1307 795 1396 860 labo-

273 875 396 938 rabant
401 897 413 956 ,·
437 884 533 960 atque
549 896 584 937 re
608 877 638 938 is
652 874 844 938 sententiam
858 876 1105 958 importunitate
1128 899 1191 940 sua
1206 887 1394 961 mutassent,

273 961 341 1024 nisi
362 960 470 1023 eodem
493 959 546 1022 die
566 897 656 1042 Jbsto
678 958 781 1044 lopati
800 961 992 1024 monasterii
1012 959 1259 1026 Hersveldensis
1286 965 1392 1029 uenis·

273 1053 344 1108 sent
357 1053 387 1108 et
401 1044 618 1123 nuntiassent,
634 1042 779 1106 abbatem
795 1043 995 1129 Hartoipum
1011 1044 1129 1109 obiisse
1142 1057 1164 1115 ¹.
1190 1047 1263 1111 Rea
1279 1049 1393 1132 ipitur,

273 1128 335 1191 baa
366 1127 498 1191 bonesta
525 1129 693 1191 occasione
716 1135 860 1291 accepta,
891 1127 1040 1192 amnibus
1068 1129 1196 1194 uiribus
1220 1134 1395 1215 contendit,

273 1221 309 1275 ut
324 1211 467 1275 abbatem
482 1211 687 1276 Fridericum
696 1233 784 1297 prae
810 1219 892 1275 seret
905 1209 957 1276 illi
970 1217 1178 1278 monasterio.
1204 1215 1266 1280 Cui
1280 1216 1393 1281 volun·

273 1297 334 1360 tati
356 1296 567 1380 imperatoris
589 1295 737 1381 denique,
761 1297 911 1380 quamvis
932 1297 1068 1376 inuitus,
1090 1299 1283 1364 Friderious
1306 1301 1393 1364 obse·

273 1391 367 1444 cutus
402 1389 461 1460 est,
495 1391 523 1444 et
551 1385 581 1443 4.
604 1380 700 1443 Non.
727 1379 820 1443 Febr.
851 1379 1063 1445 Hersoeldiae
1097 1382 1137 1445 ab
1168 1381 1281 1446 abbate
1319 1383 1394 1448 Ful·

273 1465 368 1528 densi
398 1465 605 1528 introductus
627 1474 674 1529 est
683 1475 705 1527 ².
752 1463 942 1547 Repudiato
963 1465 1067 1549 ipitur
1095 1466 1274 1548 Friderim,
1295 1470 1394 1553 impe·
1428 1473 1430 1480 ⁴

271 1559 366 1612 rator
394 1548 606 1612 Waltramam
630 1548 725 1633 clepit
746 1550 854 1632 episco
881 1570 945 1629 um,
975 1550 1033 1632 qui
1054 1559 1263 1614 consecratus
1285 1561 1332 1614 ost
1354 1553 1393 1617 ab

273 1633 437 1718 Hartuiqo
471 1633 717 1716 archiepiscopo
749 1571 1060 1717 Mapdbburpensi⁸.
1114 1633 1190 1699 &em
1226 1635 1393 1701 Henricus

271 1720 452 1802 imperator
479 1717 509 1780 4.
536 1716 617 1780 Idus
640 1712 748 1800 April.
780 1717 865 1778 anni
895 1715 986 1780 1090.
1017 1716 1160 1781 Veronae
1194 1729 1289 1800 esset,
1310 1725 1394 1802 'nec,

272 1807 351 1886 quin
380 1801 466 1865 illud
490 1803 553 1864 iter
577 1801 769 1864 Friderious
799 1800 958 1864 Veronam
983 1807 1169 1887 susceperit,
1191 1805 1228 1867 in
1258 1804 1394 1869 dubium

271 1889 387 1950 vocari
405 1887 521 1970 possit,
543 1885 695 1969 efficitur,
718 1894 754 1948 ut
769 1883 961 1949 Fridericus
983 1885 1027 1949 ad
1042 1886 1269 1971 pubernacula
1284 1911 1394 1954 coeno·

272 1969 320 2034 bii
355 1969 602 2034 Hersueldensis
644 1971 815 2033 accesserit
854 1971 884 2032 4.
917 1969 1006 2032 Non.
1044 1970 1138 2034 Febr.
1180 1974 1265 2036 anni
1302 1974 1393 2038 1001.

272 2053 375 2138 Atqui
403 2054 604 2134 Fridericus,
626 2075 748 2117 summo
771 2053 881 2116 studio
908 2075 1044 2117 causam
1068 2077 1183 2139 papae
1212 2055 1393 2139 amplexus,

270 2139 340 2202 eius
370 2138 605 2202 dominationis
626 2139 819 2201 acerrimus
848 2137 972 2202 oinden
998 2141 1128 2203 eastitit.
1172 2139 1241 2203 Nec
1272 2143 1393 2204 mirum

271 2231 327 2302 est,
361 2223 448 2306 quod
476 2223 658 2304 imperator
683 2220 797 2303 noluit,
828 2221 1022 2305 episcopatu
1051 2222 1202 2286 ecclesiae
1224 2223 1392 2288 Numbur·

273 2307 384 2406 pensis
401 2328 477 2368 eum
489 2305 609 2389 funpi,
632 2307 726 2369 cuius
742 2305 926 2368 auunculus
946 2307 1187 2390 sociussuisset
1208 2307 1301 2370 illius
1317 2331 1389 2372 con·

270 2390 461 2470 iurationis,
491 2391 586 2452 euius
614 2389 827 2453 Lambertus⁴
854 2392 1047 2454 mentionem
1065 2389 1168 2474 facit,
1192 2401 1221 2454 et
1243 2393 1335 2476 quii
1360 2415 1393 2457 se

272 2473 437 2537 abbatiam
449 2472 484 2536 S.
498 2471 635 2559 Georpii
649 2497 664 2537 e
679 2473 833 2538 manibus
844 2473 979 2556 Rudolfi
993 2476 1081 2558 repis
1098 2478 1282 2560 accepisset.
1315 2414 1393 2551 tibt-

271 2557 331 2620 bus
357 2557 506 2622 omnibus
537 2559 753 2622 consideratis
775 2559 949 2644 qaisquam
966 2559 1110 2644 putabit,
1135 2560 1326 2646 apolopiam
1353 2563 1392 2626 de

271 2643 397 2704 unitate
409 2640 561 2706 eeclesiae
573 2643 802 2706 conservanda
816 2645 854 2706 in
866 2643 974 2707 eodem
990 2644 1151 2724 coenobio,
1168 2647 1263 2708 euius
1277 2645 1392 2730 puber-

271 2725 395 2789 uacula
425 2727 517 2790 bomo
548 2750 669 2791 causae
692 2725 849 2812 Greporii
878 2727 946 2791 VII.
974 2750 1089 2812 papae
1110 2737 1174 2792 toto
1197 2731 1308 2792 animo
1332 2729 1391 2790 ad-

271 2811 378 2874 dictus
393 2819 521 2890 teneret,
544 2813 701 2896 scriptam
723 2821 752 2873 et
774 2811 832 2874 sub
850 2809 953 2874 oculis
968 2813 1039 2874 eius
1055 2813 1155 2874 annis
1172 2809 1392 2875 1090-1093.

265 2893 447 2978 perfectam
475 2895 561 2958 esse?
607 2895 696 2960 Certe
721 2917 823 2959 nemo.
867 2895 958 2978 Erpa
985 2895 1118 3041 relipuit
1145 2897 1287 2978 scriptor
1314 2894 1393 2960 libri

271 2980 378 3042 nostri
409 2978 638 3044 Hersoeldiam
675 2989 704 3043 et
737 3003 769 3042 se
797 2977 933 3042 contulit
965 2979 1002 3041 in
1036 2980 1138 3041 aiam
1167 2987 1298 3042 terram.
1348 2979 1392 3042 Et

270 3064 309 3125 in
331 3061 517 3126 Samonium
540 3064 670 3150 quidem
695 3086 728 3127 se
750 3062 893 3126 contulit.
940 3061 1029 3126 Nam
1046 3085 1119 3125 cum
1145 3063 1288 3146 scriptor
1313 3063 1392 3128 inde

272 3169 293 3209 a
320 3146 342 3209 l.
365 3147 409 3228 II,
439 3171 465 3211 e.
491 3148 539 3210 15.
567 3150 677 3212 minus
705 3149 742 3210 in
771 3146 961 3230 epotandis
988 3146 1095 3208 verbis
1123 3147 1392 3211 adversariorum
1468 3209 1472 3221 ,

271 3253 371 3316 quam
398 3233 435 3294 in
471 3241 624 3295 accurate
650 3231 824 3294 tradendis
846 3239 875 3291 et
896 3231 1118 3316 depinpendis
1139 3231 1183 3294 iis
1204 3231 1300 3294 rebus
1322 3253 1391 3294 ver-

271 3323 368 3395 setur,
399 3337 482 3400 quae
511 3325 620 3400 pestae
647 3323 724 3378 sunt
754 3315 794 3378 ab
817 3315 981 3399 episcopis
1004 3314 1168 3400 Hartoipo
1192 3315 1390 3399 Mapdebur-

270 3401 365 3484 pensi
392 3408 422 3463 et
446 3399 624 3464 Burcardo
652 3398 925 3462 Halberstadensi
957 3407 986 3461 et
1017 3399 1206 3462 marcbione
1238 3399 1390 3486 prerto,

271 3485 330 3568 qui
351 3505 459 3547 omnes
480 3493 593 3566 partes
616 3481 773 3568 Greporii
802 3481 871 3546 VII.
894 3481 1121 3628 sepuebantur,
1143 3493 1172 3547 et
1195 3508 1267 3548 cum
1288 3483 1391 3548 multa

233 3567 236 3574 ⁴
271 3569 519 3632 accuratissime
534 3568 704 3648 describat,
728 3589 799 3630 eum
816 3566 907 3629 baud
935 3589 1017 3652 onpe
1040 3565 1167 3651 afuisse
1186 3569 1226 3632 ab
1242 3591 1282 3633 ea
1292 3577 1391 3652 parte

272 3650 481 3730 Germaniae,
504 3653 541 3714 in'
564 3674 630 3738 qua
653 3651 731 3714 baec
743 3649 846 3734 facta
868 3659 954 3731 sunt,
974 3653 1166 3798 ppinamur.

357 3732 449 3808 Quae
475 3759 549 3800 cum
576 3737 626 3799 ita
652 3736 728 3815 sint,
753 3743 861 3798 tamen
883 3735 914 3798 si
934 3737 972 3798 in
998 3758 1013 3798 e
1035 3735 1245 3821 efficeremus,
1267 3736 1389 3820 episco-

264 3841 348 3905 pum
367 3818 582 3883 Waltramam
597 3818 878 3903 Numburpensem
901 3819 1090 3905 apolopiam
1112 3821 1293 3904 scripsisse,
1311 3840 1391 3903 pro·

260 3903 352 3988 fecto
374 3911 487 3966 temere
509 3903 547 3968 id
568 3901 801 3988 colliperemus.
839 3902 907 3968 Sed
929 3904 1089 3968 accedunt
1109 3901 1289 3969 nonnullae
1311 3925 1390 3966 cau·

271 4011 336 4068 sae,
366 3987 484 4072 quibus
512 3987 638 4051 adduci
660 4009 849 4071 possumus,
882 3997 918 4051 at
952 3988 1167 4052 Waltramam
1200 3986 1391 4072 apolopiam

273 4111 300 4181 1)
320 4114 380 4164 Non
399 4112 539 4178 intellego,
559 4112 623 4180 quid
641 4114 724 4164 verba
743 4115 774 4165 P.
789 4114 895 4166 Ewaldi
914 4114 1026 4181 (Sybels
1045 4115 1080 4165 H.
1101 4115 1130 4164 Z.
1145 4113 1190 4165 34.
1209 4131 1236 4181 p.
1253 4112 1318 4178 415)
1339 4114 1391 4164 sibi

270 4187 364 4248 velint,
384 4188 430 4253 qui
449 4192 534 4255 putat,
554 4188 710 4254 scriptorem
730 4187 873 4255 apologias
898 4189 1023 4240 abbatem
1045 4187 1272 4238 Hsrsveldensem
1297 4187 1390 4238 tuisse.

271 4261 301 4328 2)
316 4261 356 4312 cf.
368 4261 466 4313 chron.
477 4261 575 4314 Goseo.
590 4263 638 4315 SS.
652 4263 684 4325 X,
695 4279 722 4329 p.
738 4263 798 4313 149.
849 4261 879 4326 3)
894 4263 978 4314 Gesta
991 4261 1129 4328 archiepp.
1140 4261 1242 4325 Msgd,
1257 4261 1305 4312 SS.
1315 4260 1390 4320 XIV,

270 4351 297 4401 p.
312 4335 379 4399 405;
399 4335 467 4386 Paul
488 4335 591 4402 Lange,
612 4336 709 4387 Ohron.
728 4337 874 4401 Numburg.
894 4353 920 4402 p.
935 4335 997 4386 345.
1073 4335 1102 4398 4)
1123 4335 1170 4386 SS.
1189 4335 1222 4397 V,
1243 4352 1270 4401 p.
1292 4333 1353 4385 196.
