3114 4814
266 377 300 428 72
448 375 498 426 DE
517 375 677 427 UNITATE
695 373 901 426 ECCLESIAE
924 373 1202 427 CONSERVANDA.

265 555 396 610 octavus
406 556 427 624 ¹,
451 555 545 608 etna
567 541 674 605 adhuc
696 542 828 628 quidem
850 553 977 606 cessant
991 541 1166 627 participes
1182 539 1389 607 Hildebranti

264 628 392 694 studere
425 627 529 691 modis
561 625 728 707 omnibus,
759 636 796 690 ut
827 647 891 690 non
924 624 1043 690 habeat
1073 625 1220 690 Romana
1252 625 1390 691 ecclesia

265 712 464 779 Clementem
486 732 604 796 papam
626 731 732 795 neque
758 708 962 796 respublica
991 707 1184 774 catholicum
1213 711 1387 797 imperato-

263 820 343 879 rem,
365 798 428 860 nisi
451 795 649 860 Herimanno
676 795 745 876 regi
767 794 1010 879 despectissimo
1040 793 1191 858 succedat
1219 794 1300 859 alius
1327 817 1390 860 rex

264 881 447 966 despectior
467 877 531 960 illo,
561 887 593 942 et
617 879 679 942 nisi
700 877 852 942 succedat
877 879 973 944 etiam
1004 876 1161 942 catholico
1188 901 1294 964 papae
1317 877 1388 944 cte-

263 967 364 1030 menti
389 963 431 1028 ali
455 965 504 1027 uis
534 961 708 1045 hereticus,
737 963 822 1027 sicut
847 961 946 1027 fuisse
975 970 1172 1026 monstratur
1198 961 1251 1026 ille
1282 963 1389 1028 Cassi-

263 1049 382 1113 niensis
404 1047 446 1113 ab
470 1069 506 1110 as
522 1046 655 1132 Sergius
664 1057 686 1128 ¹,
710 1047 766 1132 qui
788 1054 862 1131 post
876 1047 1105 1111 discessionem
1127 1047 1331 1131 imperatoris
1345 1071 1390 1113 ex

263 1133 357 1197 Italia
378 1131 650 1197 subintroductus
664 1143 723 1210 est,
753 1139 786 1196 et
811 1152 869 1215 per
893 1130 1001 1196 studia
1021 1133 1161 1216 partium
1184 1130 1388 1197 Hildebranti

264 1218 440 1298 ordinatus,
462 1216 555 1280 cuius
577 1214 698 1279 scilicet
718 1213 848 1277 honoris
870 1215 1016 1300 rapinam
1038 1237 1104 1278 non
1126 1214 1182 1279 diu
1209 1217 1389 1303 impunitus

265 1303 384 1383 tenuit,
415 1301 565 1386 qnoniam
597 1301 630 1362 in
657 1302 728 1383 ipso
757 1297 967 1362 ordinationis
997 1321 1074 1362 suae
1100 1299 1248 1384 ingressu
1272 1300 1390 1386 dysen-

103 1386 363 1457 marmaredae
385 1383 498 1448 morbo
521 1381 643 1446 solutus
670 1381 807 1446 deficere
835 1384 951 1467 coepit,
980 1404 1019 1446 ac
1041 1382 1138 1482 paulo
1161 1396 1236 1468 post
1263 1387 1388 1471 pericu-

146 1488 209 1540 Sept.
220 1469 334 1534 relosa
348 1476 450 1532 morte
472 1467 607 1548 interiit3
630 1488 672 1530 ex
719 1487 759 1529 uo
775 1464 898 1531 scihcet
912 1465 1023 1531 divino
1044 1467 1164 1531 rudicio
1180 1470 1388 1534 manifestum

265 1563 322 1634 est,
350 1551 456 1699 qualis
483 1551 579 1616 etium
607 1551 678 1636 ipse
694 1487 805 1627 buerit,
834 1551 888 1636 qui
915 1550 1021 1615 adhuc
1048 1549 1160 1637 procul
1186 1553 1286 1617 dubio
1314 1553 1387 1618 sub-

265 1639 348 1701 intro
373 1648 466 1700 uctus
481 1647 539 1716 est,
562 1646 598 1699 ut
618 1635 769 1698 incendia
783 1633 988 1700 Hildebranti
1010 1637 1074 1698 iam
1090 1635 1231 1700 defuncti
1252 1641 1388 1702 resusci-

264 1731 347 1786 taret
374 1731 406 1784 et
433 1720 560 1784 hereses
589 1729 685 1804 atque
713 1719 865 1783 scismata
895 1719 980 1784 illius
1007 1741 1050 1784 ex
1077 1721 1158 1784 tanti
1182 1723 1389 1806 pontificatus

265 1805 455 1869 auctoritate
484 1803 717 1868 confirmaret&
772 1803 876 1888 Saepe
906 1804 1036 1889 quidem
1065 1805 1201 1869 Satanas
1230 1808 1389 1892 expetivit

108 1893 255 1992 hwsshll·
265 1891 408 1969 Petrum,
437 1899 473 1952 ut
501 1888 656 1952 cribraret
685 1889 769 1952 sicut
794 1889 947 1952 triticum.
990 1888 1057 1953 Sed
1083 1912 1152 1975 eqo,
1181 1889 1265 1954 dixit
1285 1892 1387 1973 Iesus,

192 1982 198 1993 '
265 1976 384 2060 ropooi
393 1995 458 2057 pro
474 1982 512 2054 te,
535 1983 571 2036 at
585 1995 652 2037 raon
668 1973 800 2054 deficiat
805 1971 893 2054 fides
908 1981 978 2053 tua,
1000 1973 1101 2036 Petre.
1136 1974 1249 2038 Petrus
1265 1977 1387 2061 quippe

265 2058 440 2122 ministerio
463 2070 511 2122 est
532 2055 686 2120 ecclesiae
708 2077 805 2140 super
826 2065 961 2141 petram,
984 2057 1040 2142 qui
1063 2056 1210 2122 Christus
1232 2071 1291 2141 est,
1316 2061 1387 2123 sun-

263 2142 372 2222 datae,
407 2151 439 2204 et
467 2141 585 2204 iccirco
615 2147 736 2225 ‘portae
765 2138 859 2202 inferi
884 2161 949 2202 non
970 2139 1203 2225 praevalebunt
1231 2143 1386 2208 adversus

263 2225 353 2307 eam',
383 2225 533 2310 quoniam
563 2225 632 2308 ipse
655 2222 803 2288 Christus
831 2245 928 2308 super
949 2233 1051 2288 semet
1074 2227 1180 2310 ipsum
1202 2227 1387 2292 aedificavit

262 2331 350 2390 eam,
379 2322 477 2393 atque
504 2307 577 2372 ideo
606 2313 711 2371 ‘nemo
739 2315 845 2392 potest
869 2306 957 2371 aliud
985 2307 1227 2374 fundamentum
1257 2315 1386 2396 ponere'

261 2403 484 2478 praeterquam
529 2391 593 2455 uod
615 2391 755 2477 positum
778 2413 848 2456 esse
870 2390 951 2456 dicit
971 2393 1100 2501 sapiens
1121 2394 1175 2459 ille
1193 2396 1386 2461 architectus

101 2502 253 2555 uuonan.
264 2478 385 2542 Paulus
406 2414 581 2559 apostdlus,
604 2478 671 2562 ‘qui
686 2485 735 2540 est
749 2473 897 2540 Christus
912 2475 1023 2557 Iesus,
1044 2499 1119 2541 cum
1142 2479 1276 2544 ecclesia
1290 2480 1386 2545 huius

265 2561 380 2646 capitis
406 2563 448 2623 sit
470 2580 598 2646 corpus,
631 2582 673 2624 ex
701 2559 793 2624 cuius
819 2561 951 2624 unitatis
980 2563 1133 2627 societate
1155 2565 1300 2649 quisquis
1322 2565 1385 2630 dis-

263 2646 403 2725 cesserit,
431 2643 517 2707 hunc
539 2643 689 2725 alienum,
716 2643 887 2730 profanum
909 2654 942 2709 et
963 2646 1085 2710 hostem
1113 2669 1183 2710 esse
1206 2669 1385 2714 consonans

263 2731 418 2794 iudicium
447 2739 630 2793 sanctorum
653 2738 781 2814 patrum
808 2728 934 2793 diffinit.
977 2729 1065 2794 Ecce
1087 2731 1217 2817 quidam
1240 2735 1386 2820 episcopi

261 2822 461 2880 secesserunt
482 2813 515 2876 in
531 2824 654 2898 partem
669 2811 885 2893 Hildebranti,
908 2812 1062 2878 habentes
1084 2838 1154 2879 eam
1173 2816 1273 2902 pluris
1289 2819 1385 2904 pretii

262 2921 357 2985 quam
381 2898 620 2962 universitatem
637 2894 813 2960 catholicae
828 2895 982 2962 ecelesiae
997 2897 1070 2964 Dei.
1106 2899 1158 2963 Ex
1176 2923 1240 2986 quo
1262 2901 1384 2967 factum

261 2992 319 3064 est,
348 2981 524 3045 seminante
553 2981 683 3044 inimico
705 2980 833 3045 homine
862 2981 896 3043 in
918 3003 995 3066 agro
1018 2985 1181 3048 dominico
1211 2985 1383 3050 multorum

260 3063 482 3130 scandalorum
505 3065 638 3142 zizania,
660 3065 750 3126 utin
772 3065 945 3149 episcopiis
967 3087 1078 3130 eorum
1099 3069 1211 3134 fierent
1231 3091 1297 3134 non
1319 3073 1383 3134 iam

259 3151 302 3215 ba
326 3149 457 3230 tisteria,
478 3147 535 3212 sed
556 3147 739 3228 homicidia,
765 3169 830 3212 non
859 3149 941 3212 sacri
967 3150 1147 3216 chrismatis
1170 3156 1381 3236 consecratio,

261 3173 323 3298 sed
340 3233 472 3296 humani
496 3233 661 3318 sanguinis
684 3231 807 3314 effusio,
836 3253 901 3295 non
930 3233 994 3296 alia
1023 3235 1185 3320 quaelibet
1209 3237 1329 3305 Ohristi
1350 3249 1383 3303 et

260 3317 414 3382 ecclesiae
440 3327 648 3398 sacramenta,
683 3336 766 3402 quae
799 3313 901 3380 solent
932 3317 1001 3380 fieri
1033 3341 1092 3404 per
1112 3321 1284 3408 episcopos
1306 3323 1380 3404 Dei,

261 3402 319 3466 sed
347 3411 581 3482 execramenta,
615 3423 696 3550 quae
729 3399 832 3466 solent
863 3400 933 3464 fieri
965 3423 1025 3486 per
1055 3405 1218 3470 ministros
1251 3406 1381 3488 diaboli,

262 3487 326 3572 qui,
355 3487 438 3550 sicut
462 3493 589 3548 sanctus
645 3485 819 3570 yprianus4
849 3485 1021 3570 episcopus
1047 3489 1167 3569 scribit,
1196 3506 1289 3557 videm
1307 3506 1382 3557 idola

261 3577 385 3628 derelicto
401 3583 425 3626 et
439 3591 490 3639 per
502 3574 613 3625 nimium
625 3575 785 3627 credentium
795 3575 926 3639 populum
938 3577 1012 3626 sedes
1025 3594 1088 3630 saus
1102 3597 1133 3629 oc
1152 3581 1249 3645 templo
1267 3581 1381 3640 deserta,

261 3649 417 3714 cercopituoit
438 3665 535 3698 acuam
552 3649 691 3712 fraudem,
718 3654 747 3698 at
770 3647 818 3698 aab
840 3647 898 3712 apso
917 3648 1057 3701 christiani
1075 3651 1188 3703 nominis
1207 3651 1282 3704 titulo
1295 3650 1380 3718 fallat

260 3723 388 3785 incautos,
408 3721 560 3785 hereseeque
586 3720 686 3773 daverit
711 3727 734 3772 et
758 3719 890 3784 scismata,
919 3722 1013 3786 quibus
1032 3725 1192 3777 subverteret
1206 3727 1297 3792 fldem,
1323 3741 1378 3775 cor-

259 3812 392 3869 rumperet
411 3801 554 3864 rerr'tatem,
573 3803 702 3855 scinderet
721 3803 856 3853 unitatem.
896 3787 989 3853 Unde
1012 3801 1044 3854 et
1072 3815 1110 3856 su
1134 3793 1249 3858 radioli
1276 3813 1379 3858 sacer·

260 3872 350 3936 dotes
373 3869 585 3950 Hildehranti,
614 3873 820 3934 aestimantes
842 3891 901 3934 suo
922 3893 1021 3956 more,
1047 3816 1215 3941 eooldsiam
1239 3878 1303 3941 Dei
1324 3887 1380 3942 aut

260 3956 417 4020 immitem
440 3975 511 4018 esse
532 3962 672 4042 autnon
694 3973 789 4040 posse
812 3973 954 4040 eaquae
981 3957 1080 4044 ligata
1107 3971 1180 4026 sunt
1201 3961 1378 4044 absolvere,

259 4041 475 4105 discesserunt
506 4037 548 4102 ab
577 4038 749 4103 universali
778 4035 914 4102 ecclesia
942 4049 974 4106 et
1005 4043 1203 4130 reliquerunt
1230 4049 1379 4133 proprias

172 2129 253 2173 Motth.

173 2189 207 2240 16,
218 2189 253 2232 18.

262 4216 288 4278 1)
307 4217 339 4265 A.
361 4215 440 4274 1092.
536 4215 562 4274 1)
582 4213 667 4264 Immo
687 4214 853 4266 Desiderius.
947 4219 974 4283 3)
994 4220 1033 4268 Re
1056 4236 1121 4270 vera
1139 4220 1299 4272 Desiderius
1324 4237 1377 4274 non

258 4295 333 4338 tanto
347 4287 437 4338 studio
450 4290 498 4336 eut
510 4285 605 4336 ardore
618 4295 707 4352 partes
718 4286 891 4338 Hildebranti
904 4292 1075 4356 sequebatur.
1110 4293 1150 4344 Of.
1161 4293 1241 4356 June,
1255 4293 1326 4345 Bibl.
1338 4295 1376 4358 11,

258 4362 345 4427 Epist.
359 4360 431 4420 coll,
444 4360 488 4410 29.
503 4359 552 4421 303
569 4360 693 4411 Amatnm
708 4363 754 4424 lV,
769 4379 792 4412 r.
806 4358 855 4419 52;
872 4361 979 4425 Hirsch,
995 4365 1196 4432 ‘Forschungen
1210 4385 1233 4416 a.
1246 4368 1376 4418 Deutsch.

260 4433 366 4486 Gesoh.'
386 4433 448 4494 VII,
470 4449 495 4498 p.
515 4431 547 4479 91
569 4449 628 4499 sqq.
704 4435 732 4498 4)
754 4431 880 4499 Cypriani
899 4437 989 4501 Opera
1009 4457 1035 4504 p.
1056 4439 1117 4488 211,
