3114 4814
359 321 409 370 DE
429 321 588 372 UNITATE
607 319 814 371 ECOLESIAE
836 320 1113 374 CONSERVANDA.
1202 329 1218 346 ²
1246 321 1299 372 les

176 503 203 548 el
226 496 311 564 apnis.
351 493 425 556 Quid
442 492 516 560 facit
540 495 570 546 in
590 499 695 560 pectore
719 492 863 544 christiano
889 494 1014 560 luporum
1030 495 1132 561 feritas
1159 501 1183 547 et
1201 513 1299 548 canum

175 569 263 622 rabies
282 575 307 621 et
318 583 449 622 uenenum
462 569 540 619 letale
552 567 732 634 sapentiam·
751 574 776 618 ct
788 574 900 618 muenta
913 567 1027 618 saeuitia
1042 567 1203 620 bestiarum?
1228 569 1297 620 Gra-

176 651 320 702 tulandum
339 659 384 713 cst,
410 634 525 720 lnquit,
549 665 608 700 aum
632 649 698 700 tales
723 648 756 700 de
780 649 889 700 ecclesia
914 659 1083 716 separantur,
1102 668 1136 703 ne
1155 651 1298 718 columbas,

176 741 209 776 ne
228 740 288 776 ooes
308 721 407 775 Obristi
424 742 508 777 saeva
527 739 579 774 sua
597 729 620 773 et
634 727 765 772 venenata
778 719 932 790 cantapione
946 723 1124 788 praedentur.
1153 723 1298 780 chaerere

177 804 202 849 et
226 797 352 864 oonianpi
375 815 429 849 non
448 806 537 864 potest
562 795 715 845 amaritudo
741 811 800 845 eum
824 795 972 860 dulcedine,
999 797 1083 864 calipo
1110 797 1296 862 semianime,

174 887 270 938 pupna
295 887 353 922 aum
374 887 452 937 pace,
478 875 617 936 tempestas
637 885 695 919 cum
714 867 917 933 tranquillitate.
957 867 1039 921 Nemo
1060 870 1196 935 existimet,
1216 871 1297 924 bonos

176 943 209 995 dc
228 941 336 996 ecclesia
350 960 429 1009 posse
448 945 592 1006 discedere,
613 941 674 993 sed¹
701 941 748 1006 qui
765 941 903 992 iactantur
921 940 989 992 sicut
1006 942 1101 996 inanes
1116 945 1214 1009 paleae
1233 953 1297 996 tem·

170 1023 284 1083 pestate,
308 1034 421 1082 quornm
440 1034 571 1083 peruersa
593 1031 666 1066 mens
688 1031 742 1066 non
766 1014 843 1066 babet
857 1031 961 1080 paoem,
980 1015 1045 1066 dum
1059 1016 1177 1084 perfidia
1197 1016 1297 1070 discor·

176 1100 248 1151 dans
266 1115 320 1150 uon
339 1105 408 1152 tenu
426 1099 563 1151 meatem.
592 1082 681 1168 Ergo
703 1080 835 1166 longum
858 1092 907 1146 est
932 1083 1016 1146 inter
1035 1083 1210 1148 monachos
1231 1105 1297 1149 oer-

176 1177 285 1231 tamen
306 1174 403 1251 atque
424 1166 585 1231 discordia
607 1165 647 1230 de
669 1174 758 1230 veste
780 1165 980 1248 monachiae,
1001 1176 1034 1232 et
1055 1169 1142 1253 apud
1164 1189 1219 1238 eos
1241 1169 1298 1255 qui

177 1249 393 1336 religiosiores
414 1250 565 1316 videntur
591 1273 650 1337 pro
680 1271 740 1314 sua
765 1251 926 1332 iaetantia,
953 1250 1042 1337 apud
1063 1273 1128 1336 eos,
1154 1253 1297 1338 inquam,

178 1345 244 1400 tam
273 1333 414 1399 solemne
443 1343 492 1400 est
519 1344 551 1399 et
579 1333 705 1400 celebre
730 1343 862 1420 tamque
888 1343 1035 1400 sanctum
1063 1342 1095 1400 et
1114 1335 1297 1402 venerabile

174 1439 293 1483 nomen
326 1418 412 1504 quod
441 1430 490 1484 est
522 1417 645 1504 duplex
673 1419 781 1501 vestis,
809 1428 845 1483 ut
871 1417 987 1505 reliqui
1015 1441 1075 1505 per
1101 1421 1297 1486 monasteria

176 1501 327 1567 monachi
348 1501 466 1569 nullius
487 1504 594 1568 meriti
614 1502 666 1568 vel
686 1504 842 1568 momenti
862 1503 1072 1568 aestimentur
1093 1503 1135 1570 ab
1156 1506 1214 1587 eis,
1234 1505 1297 1569 nisi
1306 1544 1337 1589 0„
1348 1545 1430 1591 m,

175 1587 351 1652 induantur
380 1588 441 1652 hae
470 1586 623 1674 dyploide
646 1587 851 1655 confusionis.
896 1585 977 1652 Sed:
1009 1589 1162 1670 Duabus,
1191 1589 1297 1676 inquit
1318 1606 1398 1658 1⁰‚1a

176 1671 346 1754 Dominus,
368 1674 491 1737 tunicis
512 1696 553 1737 ne
566 1673 769 1753 induamini,
791 1680 839 1750 et:
863 1672 1026 1737 Habentes
1041 1675 1162 1738 uictum
1180 1683 1209 1738 et
1224 1676 1295 1760 qui·
1307 1663 1435 1766 anaspum

176 1757 236 1820 bus
254 1758 422 1842 tapamini,
445 1757 498 1820 lis
520 1765 615 1821 estote
637 1758 787 1820 contenti.
825 1755 946 1821 Contra
967 1755 1046 1822 haee
1068 1759 1165 1822 etiam
1187 1758 1298 1822 divina
1351 1753 1357 1777 '

175 1838 329 1905 mandata
350 1839 502 1906 affectant
523 1839 614 1904 laxas
634 1848 752 1920 vestes,
775 1840 831 1925 qui
852 1848 927 1903 sunt
948 1839 1009 1905 sibi
1031 1841 1064 1904 in
1086 1840 1147 1904 hoo
1166 1863 1295 1928 quoque
1318 1901 1394 1942 m,
1408 1903 1432 1942 ὴ

174 1923 355 2010 placentes,
385 1947 459 1988 oum
490 1924 622 2010 superbi
652 1922 829 1987 seeundum
857 1922 926 1987 Scri
953 1933 1040 1989 turas
1067 1923 1202 1992 Sanetus
1232 1911 1438 2014 alio⁰'2‚'1of'

173 2008 304 2074 nomine
330 2007 534 2094 appellentur
562 2007 624 2072 sibi
651 2006 825 2093 placentes.
870 2007 913 2071 Se
989 2029 1023 2072 er
1043 2008 1187 2074 naturale
1208 2009 1296 2095 iuge-

174 2093 275 2173 nium,
306 2115 370 2179 quo
397 2091 443 2156 illi
472 2093 579 2156 minus
607 2093 745 2176 sapiunt,
777 2090 936 2156 intellexit
962 2029 1133 2158 lluoanus²
1165 2092 1296 2180 quidam

199 2176 305 2242 entilis
326 2185 433 2262 poeta,
457 2177 543 2262 quod
565 2175 660 2240 laxae
674 2185 781 2242 vestes
804 2174 1015 2261 praetendant
1036 2185 1182 2263 teporem
1197 2199 1295 2263 quen-

174 2199 250 2325 dam
280 2271 312 2326 et
339 2259 507 2327 mollitiem
536 2281 657 2343 eorum,
688 2261 744 2346 qui
766 2259 894 2325 desides
916 2281 954 2324 ao
977 2262 1063 2346 pigri
1083 2259 1233 2327 videntur
1253 2261 1296 2326 ed

174 2347 329 2410 virtutum
352 2345 522 2410 exercitia:

262 2429 429 2515 Quicquid
451 2430 496 2494 ad
518 2429 615 2509 Eoos,
636 2428 752 2513 inquit,
773 2436 900 2492 tractus
920 2429 1100 2514 mundique
1121 2439 1261 2514 teporem

257 2515 409 2596 Labitur,
431 2513 550 2578 emollit
570 2522 680 2597 pentes
702 2511 870 2576 clementia
891 2511 985 2592 caeli,

258 2597 332 2662 illic
355 2607 383 2661 et
405 2597 504 2662 lanas
526 2605 626 2660 vestes
647 2606 676 2659 et
688 2595 792 2680 flaua
812 2595 958 2658 uirorum

265 2683 450 2747 Velamenta
471 2682 570 2746 uides.

175 2765 240 2830 Sed
280 2767 501 2831 sanctissimus
542 2767 636 2849 pater
671 2760 888 2826 Benedictus³
924 2762 1109 2827 describens
1145 2770 1296 2848 quattuor

173 2871 294 2934 genera
325 2850 572 2915 monachorum:
608 2861 740 2925 Turtam,
767 2847 886 2932 inquit,
919 2859 1108 2912 monasticam
1135 2860 1296 2914 teterrinum

171 2966 255 3016 penus
280 2957 318 3000 est
338 2941 578 3007 Sorabaitarumb,
602 2929 637 2994 id
658 2938 707 2994 est
735 2929 798 2995 sibi
819 2929 1009 3012 viventium,
1036 2942 1084 3009 qui
1107 2943 1184 2994 nulla
1201 2944 1297 3011 reputa

174 3023 325 3088 approbati,
350 3021 514 3089 eapcrientia
531 3020 667 3088 mayistro,
690 3019 758 3071 sient
777 3036 874 3072 aarum
892 3020 921 3072 in
933 3020 1065 3085 fornace;
1082 3017 1130 3068 sed
1148 3015 1177 3068 ia
1191 3017 1297 3082 planti

173 3103 302 3147 naturam
326 3095 428 3160 molliti,
455 3096 544 3148 adbuc
568 3094 692 3161 operibus
717 3101 853 3145 seruantes
873 3094 978 3145 saecula
996 3092 1088 3159 fidem,
1114 3087 1220 3142 mentiri
1237 3090 1295 3143 Deo

170 3186 222 3234 per
234 3177 372 3220 tonsuram
390 3177 545 3230 noscuntur,
565 3165 660 3232 quibus
675 3183 727 3232 pro
741 3168 794 3233 iepe
810 3174 849 3218 est
867 3165 1068 3233 desyderiorum
1086 3164 1217 3230 volentos,
1236 3181 1296 3216 curn

174 3239 301 3306 quicquid
319 3243 475 3305 putaverint
500 3242 542 3293 ael
560 3241 597 3292 ele
616 3238 683 3292 erint
702 3239 750 3291 boc
769 3239 862 3292 dicant
879 3248 1009 3304 sanctum,
1028 3246 1053 3290 et
1072 3237 1143 3304 qaod
1161 3234 1296 3288 noluerint

173 3323 223 3374 noc
236 3327 336 3387 patant
353 3322 532 3374 conticeret.
603 3308 665 3372 nde
688 3317 719 3371 et
740 3329 800 3392 per
822 3306 1027 3372 Salomonem
1050 3305 1185 3368 dieitur:
1208 3303 1445 3376 Saeculanus

173 3391 282 3475 impii,
311 3391 370 3472 qui
395 3391 445 3453 ita
475 3395 582 3456 securi
611 3399 699 3472 sunt,
728 3393 826 3478 quasi
846 3393 1007 3456 iustorum
1020 3387 1121 3474 facta
1143 3387 1293 3454 labeant.

174 3473 242 3540 Sed
273 3494 346 3554 eos,
379 3474 438 3556 qui
464 3476 567 3538 secuti
596 3477 672 3539 estis
704 3497 768 3557 me,
805 3475 850 3540 ait
879 3474 1056 3554 Dominus,
1082 3473 1206 3536 intrate
1231 3491 1459 3558 permissuum.

174 3565 353 3644 anqustam
361 3565 509 3642 portam,
532 3561 613 3641 quia
627 3559 699 3623 lata
708 3569 812 3645 porta
833 3569 862 3624 et
880 3560 1032 3644 spatiosa
1053 3557 1109 3620 oia
1131 3564 1187 3637 est,
1211 3578 1295 3642 quae

173 3643 265 3707 ducit
293 3641 339 3706 ad
360 3639 592 3727 perditionem,
623 3652 651 3708 et
676 3643 880 3726 multisunt,
903 3645 962 3730 qui
982 3644 1112 3706 intrant
1128 3663 1193 3725 per
1213 3663 1295 3705 eam.

176 3725 283 3800 Quam
314 3733 471 3811 enpusta,
499 3725 613 3811 inquit,
638 3737 742 3812 porta
769 3737 797 3793 et
825 3736 919 3794 arcta
941 3729 1008 3808 oia,
1031 3746 1115 3812 qaae
1137 3724 1228 3790 ducit
1251 3724 1388 3794 adnm.

172 3869 195 3922 a)
211 3875 346 3922 serpentum
362 3871 425 3921 cypr.
485 3867 510 3920 b)
527 3867 702 3910 Sarsbsttsrum
719 3874 741 3913 1.

173 3985 199 4048 1)
226 3985 374 4051 Sequentia
399 3991 490 4036 noster
513 3985 552 4036 ita
577 3985 716 4048 contraxit,
743 3990 773 4034 ut
797 4000 831 4036 ne
856 3987 1006 4037 sententiae
1032 3981 1141 4050 quidem
1160 3985 1294 4050 parceret.

161 4057 201 4124 2)
223 4059 301 4120 VIII,
322 4059 376 4110 365
394 4057 492 4109 -368,
567 4055 597 4125 3)
623 4057 727 4111 Bensd.
747 4059 815 4123 Reg.
845 4073 869 4110 e.
892 4059 917 4110 1.
992 4055 1023 4123 4)
1051 4056 1140 4108 Germ.
1163 4056 1294 4110 Lauresh·

171 4128 234 4196 (SS.
255 4133 330 4198 XXI,
353 4150 381 4200 p.
400 4132 485 4198 430):

359 4205 508 4270 Quodlibet,
527 4205 557 4256 id
569 4202 690 4271 saciant,
709 4203 757 4256 ltoc
776 4211 800 4256 et
819 4201 920 4255 licitum
931 4203 1003 4268 sore¹
1015 4200 1107 4254 dioaru

358 4277 433 4341 Quae
451 4280 546 4332 nolunt
560 4295 613 4345 per
631 4295 667 4342 se,
687 4283 809 4330 statuunt
827 4294 882 4330 non
899 4277 948 4328 illa
967 4275 1053 4328 licere.
