3116 4822
10 38 16 306 Ι

314 366 364 415 nu
383 365 541 416 numera
561 365 765 418 ecciesiae
786 365 1061 418 cousuavsuos.
1226 369 1259 418 rs

134 537 277 607 flatrum?
309 538 385 599 Quae
404 535 537 602 saemyieia
555 538 686 589 celebrare
705 554 732 590 se
751 539 862 590 credunt
881 539 979 590 aemuli
997 539 1184 591 sacerdotum?
1213 538 1259 591 Se·

141 629 199 663 cum
224 627 279 663 esse
299 611 441 674 Uiriatum,
468 627 527 662 cum
545 609 644 662 collecti
655 611 771 677 suerint,
791 611 944 678 opinantur,
964 613 1011 678 qui
1030 621 1106 664 entra
1125 613 1261 664 ecclesiam

140 684 321 752 colliyunturl
360 683 414 745 Qui
421 685 430 716 ¹
452 684 520 734 enim
533 700 631 748 pacem
649 683 747 735 Cbristi
765 693 790 736 et
808 686 975 736 concordiam
998 685 1104 751 rumpit,
1132 687 1260 738 aduersus

142 757 273 809 Obristum
289 757 371 823 facit.
419 754 472 817 Qut
495 756 561 806 alibi
581 765 690 822 praeter
716 757 851 810 ecclesiam
875 757 981 826 colliyit,
1006 758 1104 810 Christi
1127 759 1261 811 ecclesiam

125 831 252 898 ¹sparpit.
282 829 391 882 Occidi²
413 829 475 880 talis
489 839 586 896 potest,
607 831 730 881 coronari
746 849 799 882 non
816 839 909 898 potest,
931 830 996 896 quia
1014 831 1121 894 talibus,
1141 833 1164 884 si
1183 833 1261 884 etiam

141 903 245 956 animas
269 903 426 983 posuerint,
454 919 508 954 non
536 902 585 954 erit
618 903 667 954 illo
692 903 761 970 fidei
791 921 902 966 corona,
934 905 981 956 sed
1008 906 1138 972 perfidiae
1160 923 1260 972 poena.

146 985 276 1037 Unitatem
294 985 372 1048 enim,
394 971 508 1054 lnquit,
526 985 573 1051 qui
590 1003 644 1037 non
664 994 739 1050 tenet,
758 1003 812 1037 non
831 993 899 1038 tenet
911 987 1000 1052 leqem,
1019 1005 1074 1038 non
1086 995 1155 1038 tenet
1170 986 1261 1038 Patris

141 1075 165 1118 et
179 1067 343 1134 Filiifiolem,
362 1067 443 1119 uitam
456 1085 510 1119 non
524 1075 592 1119 tenet
610 1073 634 1118 et
648 1069 789 1120 salutem³.
819 1053 908 1118 Inter
929 1053 1008 1118 haee
1025 1054 1099 1119 Vide
1121 1054 1261 1118 studium
1271 1073 1301 1116 ot.
1311 1075 1361 1116 e.1.

142 1143 175 1198 et
195 1134 345 1198 affectum
366 1137 459 1200 istius
481 1135 559 1199 boni
579 1136 728 1219 pastoris,
750 1146 781 1201 et
803 1146 958 1224 quantum
981 1137 1172 1223 explicuerit
1199 1140 1261 1204 iste

143 1226 272 1282 sanctus
295 1217 476 1303 Cyprianus
497 1219 629 1282 intimae
651 1217 830 1284 dilectionis
852 1223 939 1285 circa
956 1223 1117 1286 miseriam
1140 1243 1260 1305 eorum,

145 1323 226 1387 quos
248 1301 329 1366 vidit
349 1305 454 1368 iacere
475 1303 509 1366 in
531 1301 693 1388 periculis,
715 1326 795 1390 quos
810 1306 912 1370 cernit
925 1304 956 1367 la
980 1327 1031 1370 sos
1046 1328 1117 1370 esse
1138 1307 1172 1368 in
1186 1327 1259 1391 pec-

142 1387 233 1465 catis,
256 1407 336 1472 quos
350 1385 501 1472 intelligit
515 1385 673 1451 decidisse
695 1387 906 1454 estabilitate
924 1327 1000 1453 fidei
1022 1399 1054 1454 et
1069 1389 1260 1454 christianae

142 1467 317 1554 religionis,
345 1473 401 1558 qui
428 1473 475 1534 sic
501 1469 663 1556 loquitur⁴
688 1473 723 1534 in
743 1470 825 1536 libro
849 1471 889 1536 de
911 1471 1024 1558 lapsis:
1061 1479 1132 1542 Quid
1142 1480 1259 1546 factam,

142 1559 305 1611 dilectissimi
321 1561 434 1628 fratrea,
447 1563 585 1628 fluctuans
603 1561 679 1612 uario
704 1561 796 1613 mentis
820 1562 915 1614 aestui
953 1563 1034 1628 Quid,
1061 1571 1108 1612 aut
1132 1562 1260 1627 quomodo

142 1631 250 1684 dicerni
269 1635 385 1685 lacrimis
404 1634 489 1702 mapls
508 1651 588 1699 quam
607 1633 693 1685 uerbis
712 1653 778 1701 opus
798 1645 836 1686 est
855 1637 892 1687 ad
910 1637 1111 1702 suprimendum
1136 1636 1261 1698 dolmem,

142 1723 193 1772 quo
213 1706 330 1772 corporis
348 1707 433 1758 nostri
452 1707 574 1774 deflenda
599 1715 636 1758 est
654 1709 747 1776 plapa,
773 1725 823 1774 quo
838 1710 936 1775 populi
959 1709 1105 1774 aliquando
1128 1708 1262 1760 numerosi

143 1778 282 1846 multiplea
312 1781 486 1832 lamentando
514 1789 551 1832 est
579 1781 694 1832 iactura.
734 1781 801 1842 Quis
826 1783 895 1832 enim
919 1783 957 1832 sie
980 1783 1066 1834 durus
1093 1799 1124 1832 ac
1141 1783 1260 1848 ferreus,

144 1851 202 1918 quis
221 1853 258 1903 sic
270 1855 414 1920 fraternae
433 1852 553 1906 caritatis
571 1853 675 1913 oblitus,
695 1853 741 1918 qui
759 1855 828 1906 inter
846 1871 955 1906 suorum
973 1856 1146 1920 multi-formes
1164 1855 1260 1905 ruinas

145 1933 169 1976 et
187 1927 310 1992 lupubres
330 1945 361 1978 oc
379 1929 460 1979 multo
480 1928 602 1992 squalore
621 1925 751 1992 deformes
763 1927 891 1993 reliquias
905 1928 1060 1979 constitutus
1079 1926 1159 1979 siccos
1172 1928 1260 1978 oculos

144 2004 230 2050 tenere
240 2001 409 2066 praevaleat,
428 2017 476 2051 nec
489 2008 639 2066 erumpente
657 1999 746 2050 statim
757 2001 825 2068 fletu
837 2001 918 2067 prius
936 2000 1047 2069 pennus
1067 2017 1128 2051 suos
1144 1999 1261 2051 lacrimis

145 2089 225 2142 quam
237 2091 298 2124 ooce
306 2073 433 2138 promati
452 2073 543 2136 Doleo,
556 2073 670 2140 fratres,
690 2073 764 2125 doleo
780 2073 920 2137 uobiscum,
939 2091 986 2126 uec
999 2074 1064 2125 mibi
1077 2075 1113 2125 ad
1126 2073 1261 2124 leniendos

144 2145 248 2197 dolores
260 2163 329 2198 meos
342 2146 480 2214 intepritos
489 2147 604 2212 propria
623 2152 647 2196 et
665 2147 768 2198 sanitas
782 2148 895 2213 privata
907 2147 1052 2210 blanditur,
1072 2147 1180 2213 quando
1198 2147 1261 2210 plus

141 2228 236 2284 pastor
260 2219 289 2269 in
312 2221 399 2286 prepis
423 2221 466 2270 sui
489 2221 596 2271 uulnere
621 2220 786 2272 vulneratur.
830 2220 894 2271 Oura
919 2220 1030 2287 sinpulls
1057 2228 1150 2286 pectus
1175 2236 1261 2270 meum

146 2294 238 2358 copulo
264 2293 390 2344 moeroris
416 2301 440 2344 et
451 2293 562 2359 funeris
577 2293 702 2358 pondera
722 2295 843 2345 luctuosa
863 2292 1006 2360 participo.
1046 2292 1111 2344 Oum
1129 2293 1261 2360 planpen·

145 2364 214 2416 tibus
237 2367 347 2432 planpo,
374 2383 433 2417 cum
460 2367 613 2434 dolentibus
638 2367 728 2432 defleo,
754 2383 811 2417 cum
835 2366 981 2418 iacentibus
1006 2366 1093 2418 iacere
1115 2383 1155 2418 me
1174 2366 1261 2428 medo,

145 2437 240 2490 iaculis
265 2438 338 2490 illius
362 2440 512 2506 pressantis
536 2438 639 2490 inimici
661 2455 720 2490 mea
739 2440 818 2490 simul
835 2441 951 2491 membra
967 2456 1095 2506 percussa
1113 2447 1184 2502 sunt,
1204 2455 1261 2490 sae·

146 2511 243 2563 vientes
266 2511 353 2578 plodii
373 2529 425 2578 per
449 2530 509 2564 mea
527 2513 628 2564 viscera
647 2512 819 2563 transierunt.
857 2512 987 2564 Immanis
1007 2529 1039 2564 oc
1058 2513 1123 2564 liber
1133 2513 1224 2576 fuisse
1244 2529 1262 2562 a

141 2586 331 2650 persecutionis
356 2585 467 2637 incursu
491 2603 545 2636 non
565 2590 652 2651 potest
678 2585 783 2636 animus
807 2585 837 2636 in
855 2585 999 2650 prostratis
1010 2586 1157 2652 fratribus,
1180 2593 1203 2636 et
1222 2602 1262 2637 me

141 2660 288 2724 prostravit
308 2659 423 2724 affectus.

229 2725 258 2790 8.
302 2727 393 2790 Haeo
421 2723 534 2790 beatus
558 2723 741 2870 Cyprianus
770 2733 893 2808 martyr
913 2723 1062 2810 loquitur,
1085 2725 1141 2809 qui
1161 2725 1261 2788 nimio

145 2810 272 2895 pietatis
295 2811 414 2874 affectu
436 2809 572 2872 miseriis
593 2809 729 2872 aiorurn
751 2809 954 2894 compatitur,
977 2809 1032 2893 qui
1047 2830 1144 2893 super
1158 2809 1261 2872 diver·

145 2893 188 2956 sis
218 2892 371 2958 ecelesiae
400 2893 550 2978 perieulis
578 2891 665 2957 dolet
694 2916 734 2958 ac
762 2893 915 2974 tristatur,
945 2893 1038 2957 iuxta
1066 2891 1151 2978 quod
1178 2891 1261 2955 illius

144 2975 287 3041 mulieris
309 2986 469 3042 commota
491 2987 566 3042 sunt
586 2979 712 3042 viscera
739 3000 837 3062 super
857 2977 923 3040 filio
946 2999 1014 3058 suo,
1043 2997 1139 3062 quem
1161 2975 1262 3040 voluit

142 3061 219 3126 fieta
245 3072 356 3142 mater,
382 3063 466 3126 sicut
492 3059 607 3146 legitur
634 3063 667 3124 in
688 3061 770 3127 libro
791 3061 927 3146 Regum,
955 3060 1057 3126 dividi
1080 3059 1421 3162 &lenocinari-,³21⁰

142 3143 262 3230 gladio,
290 3168 331 3210 ne
351 3143 404 3209 vel
433 3145 494 3210 sibi
516 3146 640 3210 viveret
661 3145 712 3209 vel
733 3147 882 3231 propriae
904 3145 1007 3226 matri,
1031 3143 1118 3232 quod
1139 3144 1262 3209 scilicet
1315 3141 1341 3150 “
1373 3145 1381 3160 ‘

142 3228 327 3315 exemplum
358 3251 454 3292 verus
486 3228 641 3314 pacificus
673 3239 781 3294 noster
813 3229 960 3293 dominus
992 3229 1083 3293 Iesus
1114 3227 1260 3292 Christus

141 3312 245 3378 voluit
267 3313 451 3398 contingere
479 3313 514 3376 in
534 3313 671 3396 figuram
693 3313 804 3393 nostri,
832 3321 869 3378 ut
890 3335 933 3377 ex
954 3312 1014 3376 hoc
1038 3313 1261 3377 discernantur

142 3396 201 3460 filii
229 3395 324 3461 alieni
346 3397 454 3482 gladio
476 3397 618 3483 spiritus,
645 3396 732 3483 quod
755 3409 802 3462 esi
823 3396 958 3462 verbum
980 3397 1052 3462 Dei.
1099 3393 1153 3459 Sic
1175 3396 1261 3460 enim

140 3490 272 3544 sanctus
294 3480 486 3546 Ambrosius
508 3479 657 3546 docuisse
678 3480 805 3566 legitur,
827 3489 872 3560 ut,
896 3479 1023 3566 quando
1046 3481 1167 3543 incerta
1188 3487 1263 3544 sunt

140 3565 264 3630 iudicia
293 3565 333 3630 de
360 3564 448 3628 falsis
479 3563 553 3628 filiis
576 3565 740 3640 ecclesiae,
767 3587 826 3651 per
853 3587 868 3628 s
892 3565 999 3629 iritum
1030 3564 1261 3647 discernantur,

166 3671 240 3714 uem
267 3647 387 3714 scilicet
416 3658 564 3713 sanctum
585 3649 793 3714 Ambrosium
820 3586 944 3712 inditas
970 3648 1154 3734 praedictus
1176 3669 1263 3734 papa

177 3731 336 3798 ildebrant
363 3734 398 3796 in
425 3734 584 3818 scriptura
610 3744 689 3797 sua⁵
717 3733 838 3814 dicens,
866 3755 940 3796 eum
966 3733 1263 3796 excommunicasse

139 3816 362 3881 Theodosium
383 3819 611 3903 imperatorem
632 3839 690 3902 pro
707 3816 801 3902 culpa
823 3837 881 3880 sua
895 3815 1043 3902 quadam,
1066 3827 1102 3882 ut
1123 3817 1169 3880 sic
1207 3837 1262 3878 uo-

140 3923 208 3988 que
242 3909 359 3966 statuat
392 3909 423 3965 et
455 3901 621 3964 confirmet
649 3903 789 3986 partium
822 3921 951 3964 suarum
984 3901 1143 3965 scismata.
1222 3897 1262 3962 ed

138 4141 168 4202 1)
192 4137 342 4204 Cyprianus
367 4138 386 4187 l.
407 4138 425 4189 l.
451 4155 476 4204 p.
498 4137 560 4201 215,
580 4137 605 4186 2.
683 4137 711 4202 2)
732 4137 772 4189 ef.
792 4138 892 4188 ibidem
918 4156 943 4204 p.
965 4137 1028 4190 223.
1108 4137 1136 4200 3)
1156 4133 1262 4185 Ibidem

136 4231 167 4280 p.
191 4211 254 4274 215,
274 4212 300 4262 9.
393 4214 421 4276 4)
445 4211 551 4261 Ibidem
576 4228 603 4278 p.
624 4210 685 4260 239.
780 4211 807 4270 5)
828 4211 860 4260 In
880 4211 995 4276 epistula
1014 4212 1049 4260 sd
1068 4209 1262 4259 Herimannum

136 4287 226 4336 missa
245 4283 327 4348 (Jafft
346 4283 364 4334 l.
380 4301 403 4334 c.
423 4301 449 4350 p.
463 4283 538 4348 458).
