3114 4814
344 397 395 448 DE
413 397 573 449 UNITATE
593 398 798 452 EOGLESIAE
819 401 1097 455 CONSERVANDA.
1230 407 1282 458 123

152 566 249 629 iuxta
271 585 432 629 canonum
455 563 587 630 decreta
608 589 674 630 non
695 567 791 632 liceat
812 567 1072 644 alicuiiudioare
1097 570 1138 636 de
1159 572 1281 640 iudicio

158 649 325 713 Romanae
361 647 533 732 ecclcsiae,
569 649 615 714 illi
651 650 781 736 quidem
817 651 1043 738 blasphemant
1075 656 1282 741 Wigbertum

151 732 361 819 eundemque
384 731 582 798 Clementem
609 736 800 820 episcopum
821 737 985 802 Romanae
1016 737 1178 824 ecclesiae,
1205 744 1282 806 sori-

155 817 282 900 bentes,
304 839 378 881 eum
400 817 504 882 furem
533 827 565 882 et
594 819 769 883 hereticum
797 829 894 906 atque
920 821 1109 888 mendacem
1132 846 1211 906 esse,
1234 827 1281 890 in·

158 899 355 982 simulantes,
381 923 465 983 eum,
495 901 583 988 quod
605 903 671 966 dici
691 903 781 966 nefas
804 917 862 985 est,
885 903 1013 970 diabolo
1035 906 1089 970 vel
1110 909 1281 974 simulacro

150 983 237 1048 idoli
258 984 396 1048 similem
419 1007 499 1066 esse,
521 985 659 1073 ideoque
678 986 849 1052 anathema
869 989 972 1073 ipsius
995 989 1057 1054 sibi
1071 1013 1135 1056 non
1151 1013 1279 1076 nocere,

150 1091 156 1149 j
180 1079 399 1134 raesumentes
421 1070 518 1134 etiam
536 1093 646 1154 regem
663 1071 873 1152 Henriehum,
893 1095 989 1159 quem
1005 1074 1096 1140 Deus
1113 1078 1281 1163 praecepit

150 1089 387 1234 honorificare,
411 1152 520 1218 multis
542 1155 647 1219 modis
669 1154 816 1220 similiter
837 1154 1071 1241 blasphemare.
1101 1197 1140 1209 -
1170 1161 1278 1227 Gona-

152 1245 213 1300 tur
237 1238 342 1320 enam,
370 1237 528 1324 inquiunt,
558 1247 679 1322 statua,
708 1263 808 1326 quam
833 1245 935 1306 erescit
962 1243 1278 1328 Nabuchodonosor,
1289 1271 1350 1313 nan.
1360 1272 1382 1314 s.

156 1341 191 1383 sc
218 1343 286 1386 non
316 1323 494 1386 adorantes
521 1321 697 1388 catholicos
720 1333 867 1388 astruere
889 1327 1102 1392 scismaticos.
1145 1330 1189 1392 At
1210 1352 1279 1412 nos,

152 1406 257 1478 aiunt,
269 1404 410 1486 favente
429 1406 598 1472 dementia
614 1408 688 1489 Dei,
712 1410 892 1474 certissima
913 1411 1043 1475 ratione
1060 1413 1279 1496 probabimus

156 1488 216 1552 hoc
238 1511 348 1556 errore
369 1513 437 1556 non
457 1493 572 1572 teneri,
595 1493 651 1556 sed
673 1513 725 1556 cos
742 1494 867 1576 potius,
891 1496 950 1578 qui
970 1495 1114 1579 coempto
1138 1497 1403 1568 Datianuumac.

155 1581 185 1634 et
199 1573 326 1639 Abiron
347 1576 602 1640 insurreacerunt
621 1577 659 1640 in
675 1574 883 1662 Grcqorium,
905 1581 990 1643 sicut
1003 1579 1055 1643 illi
1069 1583 1107 1644 in
1121 1603 1279 1646 summum
1404 1591 1407 1598 ‘

155 1659 353 1722 sacerdotem
367 1659 494 1739 Aaron,
510 1661 568 1742 qui
582 1661 805 1724 conuenientes
819 1662 857 1724 in
872 1684 976 1726 unum
992 1663 1152 1729 adversus
1167 1665 1279 1730 Domi-

155 1763 235 1806 num
257 1751 286 1804 ct
301 1741 461 1806 adversus
476 1743 634 1808 christum
655 1745 725 1808 eius
747 1744 952 1830 sedentesque
974 1747 1012 1810 in
1027 1749 1166 1813 concilio
1182 1751 1278 1814 vani·

154 1825 234 1888 tatis
258 1824 429 1912 Grcyorio,
461 1829 516 1891 cui
538 1827 625 1892 orbis
647 1837 813 1892 terrarum
840 1832 1099 1912 communicavit,
1130 1833 1278 1898 obedien-

153 1909 237 1973 tiam
258 1913 493 1976 contumaciter
512 1913 787 1976 renuntiaverunt
809 1921 891 1976 etse
914 1914 954 1977 ab
977 1917 1104 1979 unitate
1127 1920 1278 2001 corporis

158 1991 292 2074 Christi,
322 1995 410 2078 quod
437 2004 482 2058 est
511 1996 645 2059 ecclesia
661 2018 727 2078 per
749 1996 856 2060 orbem
883 2006 1047 2062 terrarum
1072 1997 1207 2084 diffusa,
1230 2023 1277 2064 sc-

151 2086 329 2161 parantcs,
357 2078 564 2162 Wiqbertum,
588 2103 610 2143 a
631 2081 706 2144 sede
729 2079 909 2164 apostolica
936 2083 973 2145 in
996 2082 1132 2168 synodis
1154 2084 1278 2148 Romae

153 2163 322 2244 septennio
343 2162 509 2228 celebratis
531 2166 853 2245 earcommunicatum,
875 2165 939 2228 sibi
956 2187 1084 2250 papam
1104 2166 1278 2252 eleyerunt,

156 2247 255 2329 quasi
276 2247 417 2311 dicentes
439 2248 601 2311 Domino:
631 2248 765 2312 ‘Recede
788 2272 809 2312 a
830 2249 932 2331 nobis,
954 2251 1125 2315 scientiam
1146 2253 1278 2315 viarum

154 2337 290 2392 tuarum
312 2329 482 2395 notamus’.

239 2415 291 2476 40.
336 2411 419 2478 Oum
441 2436 501 2500 per
523 2413 728 2478 Solomonem
750 2413 901 2500 loquatur
930 2417 1088 2502 sapientia
1112 2417 1195 2482 Dei:
1225 2418 1439 2497 Nocturnum.

155 2497 193 2559 in
216 2500 412 2582 coqitatione
442 2499 574 2584 quidem
602 2499 760 2562 detrahas
787 2502 869 2584 reci,
898 2503 979 2584 quia
1006 2523 1074 2586 eac,
1104 2501 1379 2588 inquinassent.

153 2582 244 2666 reqis
263 2581 392 2646 observo
415 2591 643 2729 etBraccepta
663 2585 843 2648 iuramenti
857 2583 932 2664 Dei,
956 2594 985 2647 et
998 2586 1089 2682 scito,
1113 2588 1194 2671 quia
1210 2608 1393 2670 proastio,

155 2665 209 2727 his
232 2665 374 2729 adducet
400 2676 429 2730 te
487 2689 543 2730 eus
572 2669 609 2730 in
635 2667 807 2730 iudicium.
851 2666 934 2731 Oum
957 2665 1047 2749 haec,
1069 2690 1211 2753 mquam,
1232 2671 1279 2733 ita

154 2747 228 2830 sint,
250 2748 572 2815 animadvertendum
595 2757 652 2832 est,
684 2749 844 2834 quomodo
867 2750 1023 2814 adversus
1046 2750 1225 2816 Dominum
1247 2763 1279 2817 et

153 2830 311 2896 adversus
334 2833 489 2898 christum
516 2835 585 2898 cius
614 2835 832 2916 convenerint,
860 2835 917 2921 qui
939 2835 1132 2900 ordinationi
1154 2835 1228 2918 Dei,
1258 2858 1279 2900 a

177 2937 219 2979 uo
234 2926 377 3000 potestas
392 2927 449 2998 est,
471 2919 633 3000 resistunt,
654 2919 710 3004 qui
725 2919 822 2982 etiam
837 2917 992 2984 christum
1008 2920 1152 3002 Domini,
1167 2943 1278 3006 regem

153 2937 358 3065 Nenrichum
387 3001 520 3085 scilicet,
542 3001 813 3087 blasphemantes,
835 3025 953 3068 nomen
982 3005 1011 3068 ei
1040 3011 1136 3090 atque
1164 3005 1277 3090 impic-

153 3093 254 3150 tatem
268 3083 567 3152 Nabuchodonosor
586 3087 768 3172 imponunt,
791 3108 865 3150 curn
882 3087 969 3152 idem
984 3111 1043 3153 rex
1064 3097 1161 3175 atque
1176 3089 1277 3174 impe-

154 3178 244 3233 rator
264 3169 368 3234 videri
389 3192 423 3234 se
444 3170 522 3236 velit
543 3180 641 3270 atque
662 3169 820 3270 appellari
842 3171 1046 3254 catholicum,
1069 3181 1180 3258 utpote
1204 3195 1278 3238 con-

154 3253 512 3320 sentientem‘omnibus
527 3255 632 3336 bonrs,
678 3277 712 3318 ur
734 3265 808 3320 sunt
829 3254 957 3320 solliciti
978 3278 1107 3320 servare
1122 3259 1278 3322 unitatem

155 3339 190 3401 in
204 3337 332 3402 vinculo
355 3341 455 3424 pacis.
489 3338 555 3404 Sed
569 3339 649 3404 dicit
698 3339 824 3403 ominus
845 3362 904 3424 per
918 3339 1119 3404 Hieremiam
1141 3341 1276 3426 prophe·

154 3431 236 3486 tam:
259 3423 344 3508 Ego,
366 3423 523 3509 inquiens,
546 3423 624 3488 dedi
639 3445 746 3488 omnes
760 3433 866 3486 terras
887 3425 970 3488 istus
991 3427 1027 3488 in
1042 3447 1146 3489 manu
1160 3425 1440 3519 Naba-1„,27‚„g,

155 3507 360 3572 cbodonosor
387 3511 477 3593 reqis
503 3506 687 3592 Babylonis
713 3509 800 3572 servi
828 3509 901 3588 mci,
930 3510 1070 3608 insuper
1101 3518 1130 3572 et
1159 3508 1278 3574 bestias

155 3592 236 3676 agri
262 3590 340 3656 dedi
369 3593 409 3673 ei,
438 3601 474 3656 ut
503 3595 649 3656 serviant
675 3589 738 3673 illi,
767 3599 796 3656 et
823 3593 1014 3656 servientes
1037 3601 1278 3680 omnesqentes

155 3684 185 3739 et
198 3674 274 3756 fitia
302 3677 372 3738 eius
402 3685 431 3739 et
449 3675 524 3756 filio
538 3676 609 3758 filii
629 3677 721 3757 eius,
750 3697 831 3760 qens
854 3684 961 3740 autem
982 3685 1012 3739 et
1032 3699 1170 3762 requam
1193 3679 1279 3764 quod

155 3779 225 3822 non
248 3761 398 3824 servierit
418 3759 725 3824 Nabuchodonosor
746 3781 781 3824 re
806 3761 819 3822 i
837 3759 1019 3846 Babylonis
1042 3770 1070 3825 et
1092 3764 1278 3848 quicunque

155 3865 223 3906 non
244 3843 470 3906 incurvaverit
491 3841 608 3907 collum
629 3865 725 3906 suum
748 3783 806 3907 sub
828 3843 908 3930 iuqo
931 3847 1030 3930 racis,
1053 3847 1090 3909 in
1135 3845 1226 3910 tudio
1249 3855 1279 3910 et

146 3926 244 4012 fame
274 3935 303 3988 et
328 3937 417 4012 peste
445 3927 584 3991 visitabo
612 3949 715 4010 super
741 3937 866 4012 qentem
893 3927 996 4010 illam,
1025 3930 1073 3992 ait
1138 3931 1278 4009 ominus,

156 4011 258 4075 donec
290 4033 479 4076 consu-mam
507 4031 560 4074 cos
593 4011 630 4073 in
656 4033 760 4074 manu
787 4013 869 4075 eius.
919 4013 963 4076 m
991 4015 1064 4077 vivo
1094 4035 1163 4098 eqo,
1196 4013 1279 4078 dicit

156 4095 332 4176 Dominus,
355 4096 512 4179 quoniam
532 4095 762 4176 iuramentum,
785 4093 874 4180 quod
895 4093 1028 4160 dederat
1048 4095 1078 4158 ei
1100 4117 1159 4161 rex
1181 4083 1373 4196 Sede-fffl¹

158 4177 248 4241 chius
270 4187 303 4242 et
324 4179 455 4263 sprevit,
474 4200 600 4264 ponam
622 4179 659 4241 in
675 4188 777 4263 caput
798 4181 869 4244 eius
891 4188 920 4242 et
940 4180 1098 4243 morietur
1119 4181 1156 4244 in
1175 4202 1277 4265 prae·

157 4263 373 4342 varicatione,
403 4283 471 4346 qua
503 4263 651 4345 despemt
681 4285 738 4328 me.
783 4261 912 4326 Deinde
944 4263 1099 4349 sequitur,
1133 4271 1165 4328 et
1201 4263 1280 4328 dicit

158 4345 321 4410 Dominus
347 4345 388 4410 de
412 4345 500 4410 falsis
522 4343 725 4410 doctoribus:
747 4345 857 4412 Nolite
878 4347 998 4412 audire
1019 4346 1117 4412 verba
1134 4349 1279 4435 propbe-
