3116 4822
298 361 331 409 10
490 357 539 408 DE
559 354 718 407 UNITATE
738 353 943 406 ECOLESIAE
964 353 1239 406 CONSERVANDA.

304 527 380 592 Viuo
397 548 465 612 eqo,
488 525 569 589 dicit
583 524 758 605 Dominus,
781 525 938 609 qnoniam
956 523 1188 603 iuramentum,
1211 522 1299 607 qrcocl
1322 544 1412 606 spre-

295 613 351 692 uit,
381 619 410 675 et
434 617 587 695 pactam,
618 609 704 693 qaod
727 609 988 693 praevaricatus
1017 616 1071 687 est,
1095 629 1221 691 ponam
1251 609 1289 671 in
1314 616 1416 690 capnt

296 697 398 760 eias¹.

378 778 408 842 5.
453 775 606 860 Sequitur
633 775 666 837 in
696 773 880 861 supradicta
903 773 1101 838 Hildibranti
1129 794 1234 860 papae
1256 775 1416 859 scriptura

294 859 452 926 eiusmodi
477 859 705 941 testimonium,
736 858 823 945 quod
849 857 966 943 legitur
992 860 1026 921 in
1046 856 1129 922 libro
1152 857 1192 922 de
1215 859 1414 923 ordinatione

294 946 398 1010 saneti
420 943 603 1026 Clementis,
631 942 762 1008 beatum
785 944 917 1007 Petrum
945 941 1086 1007 dixisse²
1116 941 1221 1028 adpo
1246 941 1345 1024 ulum,
1367 952 1412 1016 ut,

293 1030 321 1094 ei
346 1029 493 1115 pontifex
515 1028 678 1092 Romanus
707 1026 803 1092 alicui
829 1026 971 1092 offensus
992 1026 1088 1090 fuerit
1108 1047 1167 1112 pro
1190 964 1315 1091 delictis
1337 1027 1414 1125 suis,

293 1115 392 1179 ceteri
419 1134 485 1177 non
513 1111 653 1177 debeant
680 1112 709 1176 ei
740 1133 810 1176 esee
836 1111 932 1175 amici
959 1108 1013 1175 vel
1034 1131 1107 1175 eum
1136 1108 1266 1196 alloqui,
1292 1109 1414 1196 alioqui

293 1220 393 1262 unum
408 1219 478 1262 esse
501 1219 543 1261 ex
556 1195 630 1278 illis,
652 1196 710 1281 qui
731 1197 945 1261 exterminare
964 1194 1075 1259 volunt
1096 1193 1265 1260 ecclesiam
1282 1194 1413 1277 Christi,

314 1282 437 1368 uisquis
470 1280 594 1345 amicus
626 1279 723 1344 fuerit
755 1279 785 1344 ei
813 1280 869 1366 qui
898 1288 947 1344 est
974 1277 1167 1344 huiusmodi.
1218 1277 1314 1343 Certe
1347 1300 1412 1342 non

293 1304 376 1430 bixit
404 1365 466 1429 hoo
498 1365 611 1430 beatus
638 1364 753 1428 Petrus
782 1361 823 1428 de
853 1361 997 1450 quolibet
1023 1385 1099 1449 rege
1131 1362 1182 1428 vel
1210 1364 1414 1449 imperatore,

292 1451 351 1514 sed
378 1471 436 1534 per
463 1448 543 1512 haec
569 1447 646 1512 facit
674 1445 851 1534 quemlibet
877 1448 917 1513 de
939 1445 1035 1511 turba
1056 1445 1169 1533 populi
1190 1447 1285 1512 eitius
1306 1447 1413 1512 redire

291 1533 335 1597 ad
356 1533 606 1596 satisfactionem
628 1532 854 1617 poenitentiae,
876 1531 1003 1618 quando
1025 1531 1143 1597 viderit
1169 1553 1204 1597 se
1226 1530 1413 1597 destitutum

293 1639 364 1682 esse
385 1617 562 1680 amicorum
585 1637 716 1680 suorum
739 1617 901 1698 societate,
924 1614 1083 1701 colloquio
1106 1626 1138 1680 et
1158 1637 1277 1680 amore.
1317 1616 1412 1695 Nam,

294 1711 330 1765 ut
352 1699 527 1788 quemlibet
549 1699 758 1764 christianum
780 1721 888 1786 regem
910 1700 1214 1786 praetermittamus,
1237 1721 1313 1766 eece
1335 1699 1413 1786 quid

317 1806 353 1850 ro
379 1784 571 1870 impiissimo
601 1785 697 1849 etiam
725 1783 853 1849 Nerone
881 1785 992 1850 scribit
1023 1785 1094 1870 ipse
1121 1793 1252 1848 sanetus
1280 1785 1411 1848 Petrus:

133 1809 400 1946 apostolieum
427 1871 539 1948 timete,
567 1892 674 1955 repen
703 1869 926 1952 honorificate,
955 1867 1076 1933 scilicet
1103 1869 1198 1932 utin
1226 1869 1288 1932 hoc
1315 1869 1412 1932 timor

294 1953 358 2019 Dei
387 1974 457 2016 com
483 1951 623 2034 robetur,
647 1954 674 2017 si
704 1952 838 2039 quilibet
858 1975 917 2018 rex
944 1951 1181 2017 honorificetur.
1228 1951 1411 2034 Carissini,

279 2039 408 2124 ’inquit
421 1975 556 2102 subiecti
569 2047 664 2102 estote
680 2039 769 2101 omni
787 2037 952 2102 bonanae
967 2047 1135 2102 creaturae
1144 2046 1284 2122 propter
1294 2037 1412 2118 Deam,

294 2125 359 2187 siue
389 2123 472 2208 repi,
501 2123 599 2207 quasi
620 2120 844 2204 praecellenti,
872 2123 938 2185 siae
961 2121 1109 2202 dacibus,
1130 2131 1288 2205 tanquam
1313 2121 1352 2185 ab
1375 2143 1411 2185 eo

292 2207 401 2271 missis
429 2205 475 2268 aa
504 2205 683 2268 uindictam
710 2202 968 2288 malefactorum,
995 2203 1220 2270 laudemauro
1244 2205 1411 2285 bonoram,

283 2291 373 2460 qaia
409 2290 454 2352 sic
491 2288 644 2352 uoluntas
671 2288 737 2352 Dei
768 2297 823 2366 est,
858 2297 895 2350 at
930 2287 1164 2372 benefacientes
1201 2290 1413 2354 obmutescere

163 2026 276 2071 urana

169 2089 263 2130 lt-lt.

311 2374 430 2436 aciatis
451 2372 709 2456 imprudentiam
730 2373 896 2436 hominnm
917 2373 931 2436 i
955 2376 1155 2453 norantiarn,
1185 2375 1283 2460 qnasi
1307 2371 1411 2453 liberi,

293 2466 322 2520 ct
338 2479 405 2520 non
428 2459 525 2540 qnasi
546 2456 690 2520 celanen
706 2456 857 2520 babentes
879 2481 911 2521 ns
947 2459 1024 2520 itiae
1037 2457 1227 2538 libertatem,
1250 2458 1305 2521 sed
1327 2457 1412 2521 sicat

293 2543 380 2605 serui
407 2540 481 2604 Dei.
525 2539 641 2604 Omnes
671 2541 837 2618 honorate,
857 2539 1107 2626 fraternitatem
1135 2541 1272 2626 dilipitc,
1304 2541 1412 2605 Deum

292 2627 407 2704 timete,
429 2646 536 2711 repent
558 2625 780 2708 honorificate.
809 2623 853 2689 Et
870 2623 983 2689 beatus
1006 2624 1134 2711 quidem
1150 2623 1315 2710 apostolus
1329 2625 1412 2688 Pau-

164 2707 357 2808 ¹1Tj¹³2²=lus2
386 2708 534 2789 Obsecro,
557 2708 671 2794 inquit,
688 2711 960 2794 primoomnium
974 2707 1056 2790 fieri
1071 2709 1314 2790 obsecrationes,
1336 2731 1410 2773 ora-

247 2798 253 2810 '
293 2795 405 2875 tiones,
421 2793 671 2878 postulationes,
692 2795 881 2878 pratiaran
904 2795 1048 2858 actiones
1064 2815 1131 2877 pro
1148 2793 1293 2858 omnibns
1310 2794 1410 2858 borni·

293 2877 401 2957 nibus,
425 2899 490 2960 pro
518 2878 651 2961 reqibas
679 2886 709 2939 et
730 2877 879 2940 omnibus
907 2878 965 2962 qai
991 2879 1029 2940 in
1051 2877 1244 2941 subtimitate
1266 2887 1351 2957 sant,
1375 2885 1411 2940 nt

293 2963 436 3046 quietam
463 2971 492 3024 et
517 2959 733 3046 tranquillant
761 2962 862 3024 uitam
891 2983 1031 3046 aponus
1058 2963 1095 3027 in
1126 2963 1215 3026 ornni
1234 2964 1354 3046 pietate
1383 2971 1413 3025 et

293 3045 459 3124 castitate,
481 3044 539 3108 boc
562 3047 647 3109 enirn
670 3044 788 3108 bonum
810 3053 838 3108 et
861 3066 934 3108 acce
960 3055 1028 3108 tarn
1050 3053 1096 3108 est
1117 3068 1228 3110 corant
1249 3044 1413 3110 salvatore

145 3127 495 3209 uom.1s,1.nostroDeo,
519 3130 577 3213 qai
592 3150 700 3192 ornnes
716 3129 860 3192 honines
883 3067 958 3192 oali
972 3127 1081 3194 saluos
1095 3129 1177 3211 fleri
1198 3138 1226 3192 et
1248 3131 1293 3194 aci
1316 3151 1335 3192 a
1361 3131 1412 3194 ni·

293 3213 413 3276 tionem
446 3212 593 3276 ueritatis
627 3215 748 3275 uerrire.
790 3213 869 3276 Non
899 3215 985 3276 enirn
1008 3222 1154 3297 potestas
1182 3214 1251 3278 nisi
1280 3237 1302 3277 u
1323 3153 1412 3295 lisa·

134 3317 283 3368 trusam.
314 3319 376 3360 aas
399 3304 505 3360 catera
527 3305 612 3377 sant,
636 3296 794 3360 ordinata
815 3305 892 3360 sunt
914 3321 936 3360 a
957 3297 1038 3378 Deo,
1069 3297 1115 3361 ad
1141 3298 1322 3362 uindictam
1344 3299 1413 3396 qui·

293 3319 364 3445 bern
385 3377 556 3461 malornm,
578 3379 708 3444 laudern
729 3402 803 3444 uero
826 3381 993 3444 bonoram.
1029 3379 1073 3446 Et
1094 3390 1200 3445 oetera
1222 3403 1304 3468 quae
1326 3381 1414 3446 theta

292 3473 368 3528 sunt
397 3484 505 3561 supra.
549 3462 614 3528 Sed
646 3461 710 3528 alia
738 3485 824 3528 nunc
852 3464 1008 3548 inscripta
1036 3474 1110 3530 sunt
1139 3465 1269 3531 decreta
1301 3473 1415 3531 contra

291 3569 412 3632 regem,
433 3567 532 3610 immo
551 3557 662 3612 contra
676 3546 740 3612 Dei
755 3547 997 3630 ordinationem,
1019 3558 1064 3630 ut,
1087 3549 1114 3613 si
1136 3550 1283 3634 pontifex
1297 3549 1413 3614 Roma-

292 3653 354 3694 nus
375 3632 446 3715 regi
467 3631 608 3695 offensus
628 3629 725 3696 fuerit
746 3653 805 3717 pro
820 3629 945 3696 delictis
968 3633 1043 3714 suis,
1067 3634 1166 3698 aeteri
1186 3657 1252 3700 non
1273 3632 1415 3697 debeant

294 3715 323 3780 ei
351 3737 420 3779 esse
449 3715 554 3797 amici,
580 3712 632 3779 vel
655 3737 729 3779 eum
751 3713 888 3801 alloqui,
919 3715 1038 3804 alioqui
1060 3741 1161 3783 unum
1183 3740 1254 3782 esse
1275 3738 1318 3783 ex
1338 3713 1413 3798 illis,

294 3800 350 3884 qui
377 3798 591 3864 exterminare
619 3797 732 3865 volunt
758 3798 926 3865 ecclesiam
955 3799 1085 3885 Christi,
1115 3802 1260 3888 quisquis
1288 3799 1412 3864 amicus

296 4009 322 4074 1)
343 4007 384 4060 Of.
401 4023 461 4059 cum
475 4014 531 4060 toto
550 4010 602 4060 hoe
616 4011 704 4076 capite
718 4009 861 4076 epistulam
874 4011 1009 4064 Theodori
1018 4010 1194 4062 virdunensis
1208 4009 1243 4060 sd
1257 4010 1338 4074 Greg.
1347 4009 1411 4060 VII.

293 4082 426 4145 (Martene
452 4086 479 4132 et
504 4082 625 4144 Durani,
654 4083 807 4134 Thesaurus
832 4099 925 4150 novus,
949 4085 973 4148 I,
996 4102 1023 4151 p.
1043 4082 1201 4146 tle-227)
1231 4087 1258 4134 et
1282 4083 1412 4149 scriptum

294 4155 395 4208 cardiu.
414 4155 588 4218 schismatis„
609 4158 685 4223 epist.
706 4156 841 4222 sigeberti
860 4157 975 4219 (lembi,
1000 4162 1140 4222 utrumque
1160 4155 1314 4219 Widonem,
1339 4156 1412 4206 Petri

294 4228 385 4280 Crassi
404 4230 541 4296 scriptum.
599 4229 629 4296 2)
648 4229 772 4296 Epistula
786 4229 932 4283 Clementis
952 4231 986 4280 ed
1005 4229 1143 4293 Iacobum,
1162 4230 1309 4282 Hinsohius
1325 4247 1351 4296 p.
1367 4228 1412 4279 36.
