3116 4822
271 332 340 384 VIII
728 329 944 416 pessuma.

269 499 449 586 apolopia’.
474 499 650 565 Goldastus
665 508 764 564 totam
775 499 1031 582 disputationem
1047 501 1083 563 iu
1094 508 1158 564 tres
1168 500 1269 566 libros
1281 501 1396 566 diuisit

272 595 301 649 et
314 584 416 649 libros
437 587 474 650 in
491 586 614 669 capita,
634 585 827 683 inquorum
841 583 1062 668 capitulorum
1080 583 1243 650 diuisione
1264 595 1395 650 secatus

267 678 327 750 est,
349 679 386 732 ut
406 669 478 753 ipse
500 669 591 749 dicit,
613 677 767 732 sectiones
789 669 944 732 editionis
959 668 1193 750 Frelseriauae,
1215 668 1290 734 licet
1311 693 1393 734 non·

271 776 443 838 nunquam
458 775 585 837 parum
601 753 761 836 commode
783 753 958 816 intercisas
980 761 1009 814 et
1029 753 1070 816 ab
1086 754 1217 838 intepra
1233 756 1394 818 sententia

265 839 488 922 interruptas.
532 837 630 901 Auno
660 836 752 917 1624,
781 859 853 899 eum
882 838 1058 921 scriptores
1084 859 1195 902 rerum
1219 835 1392 902 Germani-

268 945 387 986 carum
405 922 553 985 rariores
565 919 697 1002 fierent,
720 943 742 983 a
757 919 970 984 Weebelianis
996 921 1169 985 heredibus
1190 943 1274 986 uooa
1294 922 1393 986 editio

268 1006 350 1070 tomi
371 1006 480 1090 primi
511 1005 646 1070 bbeberi
679 1003 848 1068 adornata
880 1013 936 1068 est.
979 1005 1023 1067 Et
1054 1027 1127 1068 cum
1160 1003 1265 1069 altera
1296 1007 1394 1070 etium

272 1088 469 1154 collectionis
483 1088 707 1154 Freberiauae
728 1087 828 1154 editio
850 1089 937 1152 iuter
950 1087 1179 1174 reliquasferc
1193 1098 1273 1154 esset
1286 1091 1391 1154 raris·

271 1174 366 1253 sima,
389 1173 525 1257 publico
554 1173 690 1238 consilio
720 1182 816 1235 ratas
845 1173 976 1236 tertiam
1007 1173 1182 1239 editionem
1215 1173 1394 1238 adornauit

271 1255 391 1323 Struoe
403 1257 618 1343 Arpeutorati
630 1255 711 1320 1717
724 1267 745 1318 ¹.
756 1295 788 1302 -
800 1256 987 1320 Editiouem
993 1259 1184 1404 principem
1195 1259 1297 1323 secuti
1311 1280 1395 1344 quae

272 1341 335 1406 alii
366 1349 449 1404 recte
481 1341 668 1406 emendasse
701 1339 854 1404 uidentur
885 1342 1083 1424 recepimus,
1129 1343 1195 1406 ocis
1228 1344 1394 1426 corruptis

271 1433 432 1510 quantum
463 1425 651 1508 potuimus,
678 1423 834 1509 fontibus
859 1426 1056 1510 praesertim
1091 1425 1235 1507 collatis,
1272 1427 1395 1491 mederi

271 1509 468 1590 studuimus,
484 1508 649 1574 scribendi
662 1510 822 1574 rationem
836 1511 921 1574 mori
935 1509 1061 1574 sacculi
1075 1509 1131 1576 XI.
1148 1511 1394 1594 adaptavimus.

275 1589 372 1666 Quod
387 1593 432 1657 ad
448 1595 594 1676 capitum
608 1593 801 1657 diuisionem
817 1593 940 1674 attinet,
958 1592 1151 1679 pleramque
1166 1597 1268 1660 secuti
1282 1616 1394 1658 sumus

274 1675 469 1742 Goldastum
491 1686 520 1740 et
539 1677 727 1740 Fbcberum.
765 1675 844 1742 Cum
867 1686 985 1757 autem,
1006 1687 1042 1740 ut
1064 1677 1246 1743 Goldastus
1267 1700 1393 1764 quoque

272 1782 332 1824 suo
354 1762 427 1824 iure
449 1761 539 1842 dicit,
560 1761 725 1824 interdum
747 1761 902 1824 sectiones
925 1762 1072 1845 capitum
1092 1784 1217 1846 parum
1233 1763 1394 1827 commode

272 1846 447 1908 intercisae
461 1845 640 1910 uideantur
661 1855 689 1909 et
703 1847 861 1910 sermonis
872 1847 1123 1929 perpetuitatem
1139 1849 1395 1931 interrumpant,

271 1929 437 1994 interdum
461 1927 539 1994 aliis
559 1928 640 1994 locis
655 1930 837 1994 orationem
858 1930 1097 2012 intercidimus,
1119 1931 1177 1996 ubi
1196 1941 1303 1995 autem
1317 1931 1395 1995 Fre-

273 2013 371 2078 berus
393 2023 422 2077 et
446 2011 625 2078 Goldastus
646 2015 781 2078 initium
802 2015 923 2096 capitis
946 2016 1103 2100 caiusque
1124 2037 1190 2079 esse
1212 2013 1395 2096 uoluerunt,

272 2119 443 2162 numerum
464 2119 575 2162 eorum
595 2099 633 2160 in
655 2099 805 2183 marpine
828 2098 1018 2162 adiecimus.

360 2180 485 2254 Quibus
500 2181 596 2245 rebus
611 2183 777 2264 coeperitis,
794 2203 884 2245 nunc
899 2181 993 2247 nobis
1012 2179 1246 2266 suplicandum
1261 2191 1317 2264 est,
1333 2205 1396 2266 qao

271 2276 413 2350 tempore
428 2266 514 2329 banc
530 2264 721 2350 apolopiam
735 2267 893 2349 scriptam
907 2288 974 2330 esse
984 2275 1147 2350 putemus.
1178 2266 1276 2330 Liber
1290 2275 1398 2332 autem

267 2351 401 2434 primus
424 2348 599 2435 apolopiae
617 2371 821 2495 perpaucas,
841 2349 923 2414 liber
945 2350 1026 2414 alter
1043 2349 1227 2432 permultas
1247 2372 1299 2414 res
1321 2372 1396 2416 con·

273 2436 363 2515 tinet,
392 2456 407 2495 e
437 2434 555 2517 quibus
584 2456 620 2497 co
634 2433 697 2519 lipi
722 2442 837 2517 potest,
867 2435 1001 2518 quando
1029 2443 1114 2498 totus
1142 2434 1225 2498 liber
1252 2437 1398 2520 scriptus

274 2519 326 2584 sit.
357 2518 447 2581 Nam
462 2539 661 2602 quamquam
683 2527 799 2582 auctor
820 2517 921 2582 altero
943 2518 1026 2583 libro
1048 2519 1223 2603 epistulam
1244 2521 1398 2585 monaebi

274 2602 449 2667 cuiusdam
471 2602 728 2687 Hirsaupiensis
748 2600 877 2685 refhllit,
899 2611 1008 2667 tamen
1029 2602 1150 2666 multas
1169 2626 1232 2685 res,
1255 2628 1339 2689 quae
1360 2606 1399 2668 in

274 2685 440 2767 Souania,
465 2687 663 2773 lburinpim
686 2688 813 2752 Hassia
835 2687 875 2750 ab
890 2688 935 2751 iis
945 2687 1063 2770 prinei
1088 2687 1161 2751 ibus
1183 2697 1212 2752 et
1234 2690 1399 2772 episcopis

200 2789 201 2794 ’
274 2770 482 2857 acuebantur,
520 2773 578 2858 qui
619 2795 641 2835 a
676 2769 832 2915 &reperii
864 2770 931 2834 VII.
963 2709 1119 2853 paullus
1151 2770 1292 2851 stabant,
1330 2780 1397 2835 tam

276 2865 429 2920 accurate
462 2865 591 2934 narrat,
626 2864 663 2917 ut
692 2878 747 2918 mu
761 2864 813 2916 tas
843 2855 914 2937 ipse
944 2854 1075 2933 uidisse,
1104 2853 1224 2916 multas
1254 2854 1397 2936 audisse,

274 2939 384 3003 multis
399 2938 495 3001 rebus
509 2937 702 3020 interfuisse
716 2938 879 3001 uideatur.
909 2937 1041 3000 Primus
1056 2936 1157 3016 locus,
1178 2959 1195 3000 e
1231 2959 1273 3001 uo
1288 2937 1398 3020 clucet,

274 3044 338 3106 quo
361 3031 502 3104 tempore
525 3021 683 3106 apolopia
704 3030 819 3085 nostra
840 3022 967 3104 scripta
988 3022 1041 3100 sit,
1065 3031 1111 3083 est
1129 3019 1184 3084 lib.
1214 3068 1224 3101 ,
1247 3045 1273 3087 c.
1287 3021 1318 3102 3,
1340 3022 1399 3086 ubi

274 3105 389 3169 uerba:
413 3125 510 3190 quem
531 3125 589 3190 por
610 3113 713 3169 totum
733 3113 798 3169 tem
823 3125 861 3167 us
882 3103 1080 3172 imminentis
1102 3101 1194 3185 belli,
1244 3105 1309 3168 uod
1331 3105 1396 3170 iam

274 3211 334 3274 per
357 3189 395 3252 17
418 3209 519 3253 annos
546 3198 674 3272 gestum
698 3197 757 3271 est,
821 3209 878 3252 sus
904 3187 1095 3253 mirabiliter
1124 3125 1307 3271 custodivit,
1336 3212 1396 3254 nos

274 3275 400 3354 docent,
424 3274 482 3338 boe
504 3274 663 3356 scriptum
685 3295 752 3337 esse
773 3282 908 3337 eneunte
931 3295 1021 3337 anno
1042 3272 1133 3336 1090.
1166 3272 1290 3338 Initum
1312 3276 1398 3339 enim

274 3366 320 3422 cst
346 3357 405 3422 lioc
432 3356 548 3422 bellum
575 3380 664 3422 anuo
689 3356 782 3437 1073,
811 3380 884 3422 cum
913 3357 1007 3421 nobis
1034 3356 1210 3421 dicendum
1238 3361 1290 3439 sit,
1312 3356 1397 3424 illud

274 3443 417 3526 coepisse
440 3442 481 3506 ab
503 3444 752 3528 oppupnatione
772 3443 860 3506 areis
880 3440 971 3505 illius
993 3463 1077 3526 quae
1100 3440 1279 3528 Hereburp
1301 3465 1396 3506 occa-

274 3535 330 3590 tur
350 3535 379 3590 et
400 3549 421 3589 a
437 3534 594 3590 eorsoentu
615 3527 652 3590 in
668 3527 739 3591 uico
753 3524 976 3591 Wormsleben.
1003 3525 1133 3591 Deinde
1151 3525 1240 3590 nobis
1255 3527 1398 3592 occurrit

274 3609 329 3673 lib.
352 3609 379 3690 1,
406 3634 432 3674 c.
454 3609 503 3690 17,
525 3610 582 3674 ubi
602 3609 759 3695 legimus:
792 3608 879 3694 quod
901 3629 975 3672 cum
1020 3631 1054 3674 er
1075 3608 1133 3674 hos
1157 3609 1197 3673 14
1219 3631 1319 3674 annos
1341 3619 1398 3674 sut

275 3713 314 3757 eo
328 3691 466 3778 amplius
480 3693 663 3780 frequenter
684 3702 876 3778 temptatum
899 3694 951 3776 sit,
972 3630 1017 3757 ab
1030 3693 1180 3758 effectum
1201 3705 1308 3759 tamen
1326 3715 1397 3779 per-

273 3777 383 3841 venire
404 3799 470 3841 non
492 3778 605 3863 potuit.
642 3775 734 3852 Quae
748 3778 847 3842 uerba
869 3777 950 3862 quid
972 3779 1036 3843 sibi
1057 3779 1165 3857 uelint,
1188 3799 1228 3842 see
1249 3780 1291 3841 iis
1313 3801 1397 3862 quae

275 3871 458 3946 sequuntur
487 3871 638 3946 apparet.
681 3863 848 3926 Pertincnt
868 3863 954 3927 enim
977 3863 1023 3927 ad
1043 3863 1189 3928 studium
1236 3884 1323 3945 apae
1345 3863 1397 3927 de·

301 3947 420 4010 onendl
435 3947 574 4010 Hemici
587 3948 677 4032 repis
696 3956 725 4010 et
742 3945 980 4012 Germanorum
994 3949 1185 4011 iurisiuran
1210 3948 1224 4010 i
1238 3944 1397 4010 solvendi.

269 3969 423 4097 {umam
450 4030 633 4115 epistulam,
662 4053 729 4116 qua
758 4053 792 4096 se
819 4033 892 4096 iure
921 4031 1217 4096 excommunicasse
1238 4053 1346 4115 nepem
1367 4040 1396 4094 et

275 4117 498 4180 iuramentum
521 4113 760 4180 Germanorum
790 4113 922 4180 soluisse
945 4117 1168 4178 demonstrare
1190 4123 1338 4194 conatur,
1367 4123 1397 4178 et

275 4201 313 4263 iu
336 4223 402 4284 quea
419 4208 582 4285 provocat
603 4200 649 4264 ad
670 4199 819 4284 enempla
840 4199 1028 4264 Zachariae
1050 4207 1079 4260 et
1100 4197 1265 4282 Stepbaui
1282 4221 1394 4283 papa-

278 4324 306 4392 1)
326 4325 368 4378 Of.
387 4327 471 4394 praef.
493 4326 593 4379 Stmvii
611 4327 640 4378 in
659 4326 804 4379 editionem
824 4327 850 4377 3.
871 4324 1038 4378 collectionis
1057 4323 1248 4377 Frshsfianas.
