3114 4814
303 379 320 428 6
596 376 716 426 BRUNO
736 376 786 425 DE
805 375 923 425 BELLO
944 371 1132 424 SAXONIOO.

302 545 453 609 maritum
476 545 531 630 qui
544 543 700 608 furtivum
716 544 893 629 quaesisset
907 542 1112 624 adulterium,
1135 542 1163 605 si
1177 541 1310 604 maritus
1326 550 1422 622 esset,

303 652 360 694 cur
388 651 453 692 non
481 636 590 713 aperte
612 627 654 692 ad
681 649 773 691 suum
798 625 926 691 thorum
948 625 1138 690 accederet?
1180 625 1294 710 Itaque
1316 645 1422 708 paene

301 735 404 798 usque
433 710 475 777 ad
503 721 638 776 mortem
670 732 859 796 percussum
888 710 928 774 de
957 709 1106 775 cubiculo
1134 710 1245 790 eiecit,
1275 709 1423 793 ostioque

303 797 411 860 clauso
433 794 551 859 lectum
572 817 666 858 suurn
712 795 811 859 etivit.
855 793 912 858 Ille
935 794 1014 880 quid
1044 793 1107 857 sibi
1133 792 1313 872 accidisset,
1340 789 1422 856 nulli

302 901 401 944 ausus
416 889 464 945 est
482 880 641 961 confiteri,
657 819 714 943 sed
727 878 959 963 aegritudinem
974 877 1069 941 aliam
1084 875 1247 958 simulans,
1262 878 1423 960 integrum

301 965 367 1028 fere
389 985 532 1027 mensem
553 965 653 1027 iacuit
673 964 706 1025 in
728 984 785 1026 suo
809 959 918 1025 cubili.
955 961 1014 1025 Illa
1036 963 1121 1026 enim
1142 983 1206 1025 non
1223 961 1332 1046 capiti,
1355 982 1422 1023 non

300 1048 405 1113 ventri
426 1057 622 1132 pepercerat,
645 1047 701 1110 sed
722 1054 825 1111 totum
848 1067 964 1143 corpus
985 1047 1111 1129 integra
1132 1053 1204 1109 cute
1221 1044 1420 1110 contuderat.

302 1132 368 1212 Qui
389 1142 561 1230 postquam
583 1129 754 1211 convaluit,
777 1151 922 1215 quamvrs
944 1130 1060 1194 acriter
1081 1139 1258 1213 correptus,
1287 1129 1422 1214 antiqua

301 1215 425 1300 flagitia
447 1237 506 1278 sua
526 1236 592 1278 non
613 1213 763 1278 deseruit.

387 1301 416 1364 8.
460 1297 496 1362 Si
519 1320 582 1383 qua
596 1320 704 1362 coram
719 1319 757 1360 eo
781 1295 942 1382 querelam
964 1295 1004 1360 de
1027 1293 1170 1382 qualibet
1190 1296 1307 1360 iniuria
1328 1296 1421 1360 fecis-

302 1393 359 1465 set,
383 1381 477 1448 stab
499 1383 568 1444 eius
589 1382 679 1466 regia
700 1391 855 1466 potestate
878 1379 941 1443 sibi
961 1381 1115 1444 iustitiam
1136 1379 1206 1444 fieri
1220 1379 1422 1464 postulasset,

303 1469 330 1530 si
351 1466 436 1531 illius
463 1467 607 1528 insaniae
634 1474 721 1528 aetas
744 1465 812 1527 eius
836 1473 887 1526 eta
908 1463 1011 1528 forma
1032 1463 1190 1549 placebat,
1218 1486 1277 1548 pro
1299 1464 1423 1527 iustitia

303 1573 401 1637 quam
421 1550 560 1648 petebat,
582 1548 772 1611 iniustitiam
786 1546 994 1633 multiplicem
1008 1546 1214 1634 reportabat
1238 1548 1322 1611 Nam
1360 1558 1423 1612 ost-

302 1649 401 1698 'uam
422 1656 434 1695 1
459 1655 493 1696 se
515 1634 549 1694 in
570 1654 609 1695 11
630 1631 784 1717 quamdiu
812 1630 934 1716 placuit
962 1631 1128 1696 libidinem
1151 1654 1243 1695 suam
1263 1571 1422 1718 impiivit,

302 1657 399 1782 diioui
444 1714 610 1780 efamulis
633 1716 699 1779 suis
721 1737 792 1779 eam
813 1715 902 1780 velut
923 1738 1056 1780 uxorem
1086 1715 1183 1780 dedit.
1226 1717 1276 1779 lta
1297 1716 1440 1780 nobiles

302 1803 336 1864 in
357 1802 419 1866 hac
440 1811 526 1864 terra
546 1798 703 1880 mulieres,
732 1800 801 1883 ipse
823 1801 914 1884 prius
936 1803 983 1864 eis
1004 1802 1140 1884 turpiter
1160 1799 1289 1882 abusus,
1312 1799 1424 1864 servili

302 1885 452 1968 coniugio
481 1884 607 1968 turpius
628 1883 858 1947 dehonestavit.
902 1883 994 1947 Haec
1017 1885 1125 1947 omnia
1146 1883 1228 1947 vidit
1247 1882 1300 1948 ille
1320 1883 1422 1948 falsus

302 1978 333 2034 et
361 1968 472 2033 fallens
505 1969 676 2114 episcopus
705 1965 937 2049 Adalbertusl3
970 1967 1070 2049 vidit,
1102 1990 1207 2053 neque
1239 1966 1421 2056 prohibuit3

300 2055 400 2117 immo
430 2073 488 2116 sua
541 2053 663 2116 ostrina
692 2073 776 2132 eum,
805 2073 869 2137 quo
900 2053 969 2116 sine
994 2053 1108 2116 timore
1130 2049 1181 2116 vel
1201 2050 1324 2137 pudore
1346 2051 1424 2116 talia

300 2137 429 2218 faceret,
452 2134 541 2199 velut
561 2133 761 2199 adhortando
784 2135 985 2200 confortavit.
1023 2134 1163 2199 Stultum
1183 2157 1323 2220 namque
1338 2135 1423 2202 dixit

301 2242 381 2302 esse,
409 2221 436 2283 si
461 2241 527 2282 non
555 2220 589 2281 in
618 2217 766 2281 omnibus
797 2218 995 2282 satisfaceret
1023 2240 1099 2284 suae
1128 2219 1294 2284 desideriis
1315 2217 1422 2286 adole-

300 2304 450 2368 scentiae.

385 2387 415 2450 9.
457 2383 560 2449 Multa
588 2394 619 2449 et
647 2406 765 2469 magna
792 2386 827 2447 in
854 2385 914 2449 hoc
935 2409 1051 2470 genere
1074 2387 1186 2450 1111111
1231 2387 1286 2452 'tia
1308 2398 1422 2473 sponte

324 2478 476 2550 raetere0,
500 2469 576 2553 quia
597 2468 639 2531 ad
661 2467 723 2532 alia
744 2468 874 2533 alterius
896 2471 1023 2553 generis
1039 2471 1140 2555 ipsius
1156 2493 1209 2534 see
1222 2493 1276 2536 era
1290 2471 1420 2556 festin03

299 2493 361 2616 hoc
389 2563 514 2618 tantum
541 2552 593 2616 hic
624 2551 771 2617 ultimum
798 2550 905 2616 locum
933 2563 1050 2633 teneat,
1101 2555 1166 2618 uod
1195 2556 1230 2619 in
1257 2577 1295 2620 eo
1316 2557 1421 2620 iustus

298 2636 398 2701 iudex
413 2635 551 2702 inultum
565 2659 631 2700 non
644 2637 831 2722 rehnquat0,
851 2637 1031 2722 ignominia
1041 2575 1192 2703 videlicet
1206 2661 1304 2726 quarn
1319 2641 1421 2704 sorori

300 2742 377 2784 suae
398 2721 506 2803 fecit1,
529 2720 616 2806 quod
638 2744 709 2785 eam
731 2721 878 2786 manibus
901 2722 966 2784 suis
982 2721 1168 2806 depressam
1183 2725 1294 2806 tenuit,
1317 2723 1420 2787 donec

299 2804 382 2868 alius
411 2806 575 2889 exipsius
605 2805 695 2868 iussu
724 2815 853 2870 coactus
881 2804 978 2869 fratre
999 2815 1168 2890 praesente
1191 2828 1264 2870 cum
1287 2828 1420 2871 111111-

300 2887 423 2972 cubuit,
452 2889 505 2951 oui
532 2910 598 2951 non
619 2889 748 2973 profuit,
780 2888 867 2974 quod
888 2889 1091 2974 imperatoris
1112 2888 1187 2972 filia,
1210 2890 1297 2988 quod
1318 2891 1419 2975 ipsius

299 2972 364 3035 err‘1
385 2982 521 3056 utroque
543 2983 674 3057 parente
689 2993 779 3035 soror
794 2974 899 3054 unica,
922 2973 1009 3058 quod
1025 2995 1116 3038 sacro
1133 2975 1246 3058 capitrs
1260 2973 1419 3041 velamine

300 3053 428 3119 Christo
450 3054 554 3118 fuerat
575 3055 776 3139 desponsata.

386 3139 435 3202 10.
480 3136 546 3202 Sed
568 3139 643 3222 quia
663 3137 802 3201 nefanda
824 3149 874 3202 stu
898 3161 934 3201 ra
947 3139 1134 3204 nefandiora
1172 3163 1302 3206 enerare
1317 3141 1420 3208 solent

298 3219 480 3302 homicidia,
503 3222 586 3286 sicut
606 3220 659 3286 ille
680 3243 744 3284 non
764 3161 1075 3288 111111111111111111113
1090 3164 1280 3290 libidinosus
1296 3236 1420 3311 stupra

298 3305 355 3386 vit,
385 3306 430 3370 ite
458 3326 524 3370 non
552 3328 650 3368 unum
672 3305 786 3369 Uriam
812 3306 951 3370 crudelis
980 3307 1147 3374 interfecit.
1191 3309 1255 3372 Tot
1276 3312 1362 3374 enim
1384 3311 1419 3375 in

298 3387 480 3454 homicidiis
501 3391 643 3453 inmania
664 3391 860 3474 perpetravit
877 3390 1028 3472 facinora,
1050 3401 1085 3456 ut
1106 3391 1239 3457 dubium
1261 3394 1311 3476 sit,
1334 3416 1417 3479 quae

298 3473 400 3536 maior
429 3475 471 3537 sit
499 3475 567 3538 eius
595 3473 735 3555 infamia,
764 3473 906 3537 libidinis
928 3476 1067 3538 incestae
1088 3496 1129 3538 an
1151 3475 1347 3541 crudelitatis
1369 3480 1416 3542 in-

298 3577 437 3620 mensae.
471 3556 630 3622 Omnibus
653 3567 720 3621 erat
741 3555 934 3622 horribiliter
956 3557 1105 3642 crudelia,
1128 3559 1185 3624 sed
1205 3561 1301 3625 nullis
1322 3563 1367 3625 ita
1382 3571 1419 3626 ut

297 3638 552 3704 famrlrarrss1m1s
580 3641 654 3705 suis.
699 3641 764 3720 Qui
786 3643 929 3704 omnium
950 3642 1110 3728 particeps
1133 3653 1201 3708 erat
1222 3656 1418 3710 secretorum

298 3722 376 3803 eius,
399 3732 431 3786 et
452 3726 598 3787 conscius
618 3723 671 3788 vel
691 3723 818 3788 adiutor
838 3724 1033 3808 flagitiorum
1049 3729 1115 3792 sive
1130 3728 1318 3811 facinorum,
1341 3731 1419 3795 dum

298 3825 430 3869 securus
458 3808 509 3869 sui
531 3807 570 3870 de
592 3806 726 3870 aliorum
753 3817 854 3872 morte
883 3811 1033 3874 tractanti
1053 3810 1191 3894 favebat,
1215 3825 1345 3879 coactus
1368 3825 1418 3880 cst

297 3899 434 3953 mortem
463 3890 540 3974 pati,
568 3912 665 3975 quam
692 3912 757 3954 non
783 3891 925 3956 timebat.
969 3893 1013 3956 Et
1040 3894 1101 3958 hoc
1129 3918 1187 3981 pro
1211 3919 1274 3983 qua
1297 3897 1417 3984 culpa?

251 4027 256 4039 ι
297 4051 320 4100 a)
337 4053 375 4093 vel
390 4053 411 4094 1,
473 4050 569 4104 11)(11111
586 4055 677 4104 1,·1111,
696 4050 729 4097 lb.
746 4055 767 4096 11,
817 4053 840 4107 1)
857 4056 958 4104 reliquet
974 4051 1012 4106 lb,
1029 4058 1147 4108 relinquet
1163 4028 1183 4100 2¹.
1228 4060 1252 4113 d)
1269 4064 1324 4104 deest
1342 4067 1361 4104 1.
1380 4059 1417 4105 1¹².

296 4109 319 4161 e)
335 4111 452 4152 Bersabee
469 4114 488 4152 1.
505 4113 552 4152 edd.

297 4225 327 4289 1)
347 4223 423 4275 Idem
442 4223 579 4277 Saxonum
600 4226 681 4294 lepati
700 4229 774 4292 apud
793 4228 963 4282 Lambertum
979 4229 1030 4282 SS.
1051 4231 1105 4282 Vol.
1127 4231 1156 4282 V.
1171 4250 1203 4298 p.
1218 4234 1281 4287 201.
1301 4233 1413 4288 innitere

295 4297 429 4350 videntur.
456 4299 488 4350 P.
527 4299 571 4351 1111
595 4301 731 4352 abbatissa
752 4301 1004 4370 Quedliuburqensis
1023 4311 1142 4367 uocatur,
1168 4306 1224 4358 scil.
1243 4307 1413 4361 adalheidis.

296 4368 373 4430 Quae
392 4371 472 4424 unice
490 4372 595 4425 minime
607 4373 681 4440 fuit;
702 4374 735 4441 cs
756 4393 778 4426 e.
799 4376 842 4426 83.
878 4375 913 4428 W.
