3114 4814
360 355 410 404 DE
429 355 587 406 UNITATE
607 353 812 408 EOOLESIAE
833 355 1108 408 CONSERVANDA
1253 357 1307 406 133

182 521 344 584 Dominus
374 521 558 584 adhaesisse
586 524 642 586 uni
665 521 706 586 de
727 523 928 608 principibus
950 522 1046 587 huius
1069 521 1197 605 saeculi,
1219 534 1306 609 post·

183 625 281 690 quam
318 605 488 691 dissipavit
522 607 703 690 portionem
738 617 890 691 paternae
928 606 1141 688 substantiae,
1177 606 1309 672 tradens

182 688 328 754 naturale
350 690 516 775 ingenium
545 689 637 753 luxui
659 701 755 776 atque
778 691 931 772 desidiae,
961 714 1035 756 cum
1060 691 1103 756 ad
1131 693 1306 776 imaginem

183 773 249 839 Dei
276 773 382 839 factus
410 774 452 838 sit
479 773 585 855 homo,
607 777 642 838 in
664 773 827 840 intellectu
855 775 988 858 scilicet,
1010 778 1045 840 in
1065 785 1181 856 mente,
1204 779 1240 840 in
1260 777 1306 838 in-

182 858 297 924 teriore
330 857 470 938 homine,
499 857 533 920 in
570 879 608 922 eo
641 857 727 944 quod
760 858 909 945 intelligit
940 861 1119 942 veritatem,
1152 859 1308 924 diiudicat

182 943 338 1006 iustitiam
361 951 393 1006 et
413 941 613 1023 iniustitiam,
635 945 726 1007 novit
747 964 767 1004 a
811 965 853 1008 uo
874 943 978 1008 factus
1000 955 1057 1026 est,
1084 953 1191 1030 potest
1216 943 1308 1007 intel-

183 1026 284 1111 ligere
300 1027 488 1091 Creatorem
510 1047 615 1108 suum,
636 1025 768 1091 laudare
784 965 970 1092 dreatorem
986 1049 1089 1108 suum,
1113 1050 1208 1114 quam
1224 1025 1308 1091 scili-

184 1120 236 1176 cet
257 1108 358 1176 intelli
381 1113 501 1175 entiam
524 1109 623 1174 habet
645 1111 702 1196 qui
716 1113 929 1197 ¹prudentiam
944 1111 1057 1194 habet;
1079 1111 1201 1198 alioqui
1215 1121 1310 1197 pater

184 1193 344 1258 mendacii
358 1133 507 1259 diabolus
527 1193 632 1259 aufert
653 1215 674 1257 a
692 1194 845 1260 cordibus
867 1197 1034 1261 hominum
1051 1197 1114 1260 Dei
1127 1197 1309 1277 veritatem,

185 1278 291 1342 aufert
311 1278 375 1342 Dei
401 1279 575 1364 imaginem
603 1287 635 1346 et
663 1279 821 1366 imprimit
850 1281 1031 1365 apostasiae
1059 1302 1136 1344 suae
1166 1290 1198 1344 et
1219 1301 1308 1343 men·

186 1362 265 1426 datii
292 1363 476 1448 imaginem.
520 1361 603 1426 (lum
627 1363 713 1426 enim
739 1384 760 1425 a
782 1367 897 1430 ceteris
919 1365 1136 1430 animantibus
1166 1387 1225 1450 per
1245 1363 1308 1427 hoc

184 1447 326 1512 maxime
354 1448 549 1528 differamus,
579 1446 667 1532 quod
692 1447 848 1512 rationale
876 1448 996 1512 animal
1023 1470 1133 1512 sumus
1160 1459 1192 1512 et
1220 1447 1309 1534 loqui

183 1552 368 1616 possumus,
397 1534 479 1595 ratio
508 1539 616 1594 autem
647 1533 751 1595 omnis
780 1543 813 1596 et
842 1553 947 1597 sermo
975 1532 1094 1596 divinis
1120 1531 1211 1596 libris
1235 1553 1309 1595 con-

183 1616 313 1696 tinetur,
335 1639 394 1701 per
415 1636 496 1702 quos
518 1624 550 1678 et
571 1615 679 1678 Deum
701 1615 857 1680 discimus
887 1627 919 1681 et
949 1638 1048 1701 quare
1077 1617 1176 1680 creati
1198 1637 1309 1679 sumus

183 1721 250 1762 non
281 1700 479 1780 ignoramus,
512 1697 694 1762 mirandum
729 1709 777 1763 est
805 1698 910 1780 valde,
939 1700 1027 1785 quod
1056 1699 1170 1764 nolunt
1198 1699 1309 1786 aliqui,

185 1785 360 1868 praecipue
390 1793 498 1847 autem
525 1781 685 1864 monachi,
709 1805 792 1868 quae
813 1783 980 1868 praeclara
1002 1795 1077 1848 sunt
1098 1783 1232 1865 discere,
1255 1784 1310 1868 qui

185 1890 226 1932 ne
247 1888 365 1952 pueros
388 1866 518 1952 quidem
535 1865 588 1930 vel
602 1865 822 1932 adolescentes
844 1871 1036 1953 permittunt
1055 1869 1088 1931 in
1107 1868 1310 1932 monasteriis

184 1950 304 2016 habere
326 1950 468 2014 studium
490 1949 638 2014 salutaris
661 1951 824 2034 scientiae,
847 1960 883 2015 ut
904 1951 1027 2016 scilicet
1040 1951 1120 2016 rude
1142 1952 1310 2036 ingenium

184 2037 348 2098 nutriatur
376 2034 500 2120 siliquis
533 2034 776 2098 daemoniorum
786 2047 807 2115 ¹,
841 2057 924 2121 quae
957 2045 1031 2100 sunt
1063 2035 1310 2100 consuetudines

184 2117 397 2182 humanarum
432 2117 654 2201 traditionum3
685 2128 721 2182 ut
752 2120 910 2184 eiusmodi
943 2121 1105 2205 spurcitiis
1137 2119 1309 2184 assuefacti

184 2225 250 2267 non
279 2211 416 2288 possunt
442 2211 583 2286 gustare,
613 2227 712 2289 qnam
735 2206 850 2268 suavis
872 2215 918 2267 est
939 2205 1115 2284 Dominus,
1145 2205 1200 2290 qui
1228 2203 1308 2267 dicit
1317 2227 1356 2267 rs.
1367 2228 1402 2281 ss,
1411 2215 1444 2270 a'

183 2288 218 2350 in
250 2286 420 2372 euangelio
452 2287 493 2350 de
524 2285 659 2350 talibus:
689 2289 752 2352 Vae
777 2289 878 2369 vobis,
908 2289 1034 2353 scribae
1064 2299 1092 2353 et
1120 2289 1306 2368 Pharisaei,
1316 2296 1472 2350 Mstthttlss·

183 2372 386 2458 hypocritae,
414 2373 473 2456 qni
496 2371 617 2436 tulistis
645 2371 766 2436 clavem
787 2375 964 2438 scientiae!
989 2396 1046 2438 cos
1072 2375 1166 2452 enirn,
1194 2373 1309 2458 inquit,

185 2478 251 2518 non
266 2457 402 2518 intratis
423 2477 482 2518 nec
498 2457 609 2518 sinitis
630 2458 830 2520 introeuntes
852 2459 986 2522 intrare.
1023 2457 1127 2541 Igitur
1148 2457 1308 2541 ignoratio

186 2537 370 2602 divinarum
401 2537 641 2624 Scripturarum
673 2539 832 2622 ignoratio
865 2549 914 2604 est
943 2540 1073 2624 Christi,
1107 2542 1162 2626 qui
1191 2540 1309 2606 dicitur

184 2625 289 2688 virtus
312 2623 376 2686 Dei
398 2631 430 2686 et
451 2623 610 2707 sapientia
631 2623 705 2687 Dei.
749 2623 844 2688 Unde
867 2634 899 2687 et
919 2645 978 2708 per
998 2624 1151 2691 Hesaiam
1164 2625 1310 2770 lproplre-

186 2717 253 2771 tam
280 2707 359 2772 dicit
385 2707 562 2771 Dominus:
595 2708 645 2771 Eo
676 2708 763 2792 qnod
793 2711 1047 2792 appropinquat
1066 2731 1163 2792 popa
1177 2732 1216 2772 us
1249 2713 1473 2790 istensaepau.

188 2813 242 2856 ore
269 2815 326 2856 sno
356 2800 385 2854 et
413 2791 512 2855 labiis
541 2792 612 2854 sais
640 2791 804 2876 glorificat
830 2815 888 2872 rae,
915 2814 971 2856 cor
993 2801 1099 2856 autern
1121 2794 1192 2856 eins
1213 2792 1309 2878 longe
1453 2791 1457 2831 ἶ

187 2884 233 2938 est
265 2899 286 2939 a
314 2899 373 2954 rte,
401 2885 430 2938 et
450 2878 630 2939 timuerant
650 2875 808 2940 mundato
832 2877 998 2940 hominnm
1019 2898 1067 2940 mc
1089 2885 1118 2940 et
1139 2875 1309 2957 doctrinis,

186 2960 261 3023 ideo
284 2983 341 3045 epo
364 2983 431 3023 ecce
454 2959 588 3038 addam,
611 2967 648 3020 nt
663 2960 915 3024 admirationem
927 2959 1062 3044 faciam
1080 2959 1209 3046 populo
1232 2961 1309 3025 laic

186 3044 348 3107 miraculo
363 3043 490 3128 prandi
511 3053 540 3106 et
555 3043 732 3127 stapend0;
749 3044 873 3128 peribit
887 3046 982 3124 enirn,
1004 3045 1119 3129 inquit,
1143 3047 1330 3128 sapientia,

188 3149 210 3188 a
237 3128 443 3209 sapientibus
472 3129 543 3190 eins
572 3137 601 3189 et
628 3127 808 3192 intellectus
832 3129 1047 3212 prudentiam
1077 3131 1147 3192 eins
1175 3130 1308 3193 abscon-

187 3211 293 3273 detur.
336 3209 424 3274 Ecce
446 3213 532 3274 enim
555 3210 642 3296 quod
664 3233 723 3296 pro
746 3213 901 3276 exercitio
924 3221 955 3275 et
975 3211 1134 3276 industria
1155 3212 1309 3277 naturalis

186 3292 306 3375 ingenii
328 3292 416 3378 apud
438 3313 581 3378 paganos
603 3293 679 3358 olim
700 3296 855 3360 iniustum
877 3305 910 3360 et
930 3304 1024 3382 turpe
1046 3295 1225 3376 videbatur,
1248 3297 1309 3360 hoc

187 3397 273 3439 nunc
302 3377 389 3462 apud
423 3378 598 3441 monachos
630 3401 689 3463 pro
717 3380 838 3443 iustitia
865 3391 897 3444 et
925 3383 1094 3444 sanctitate
1123 3390 1249 3445 tenetur
1278 3389 1310 3444 et
1375 3384 1378 3388 ’

188 3457 314 3541 colitur,
336 3462 419 3524 sicut
434 3471 507 3525 sunt
521 3460 700 3546 descriptae
721 3463 810 3549 apud
825 3485 880 3528 eos
896 3463 1143 3529 consuetudines
1165 3473 1197 3528 et
1214 3463 1310 3528 laxae

187 3552 302 3630 vestes.
339 3545 430 3610 Unde
453 3554 486 3608 et
501 3545 737 3624 Quintilianus²
759 3549 793 3610 in
815 3548 921 3632 primo
942 3545 1025 3610 libro
1048 3547 1088 3612 de
1109 3549 1309 3613 institutione

187 3629 319 3693 artium:
359 3628 574 3710 Consuetudo,
605 3631 720 3715 inquit,
746 3633 777 3695 si
804 3654 844 3696 en
873 3655 908 3696 eo
934 3633 1022 3716 qaod
1037 3633 1155 3716 plnres
1168 3633 1313 3718 faciunt

188 3736 304 3778 nornen
339 3715 493 3798 accipiat,
518 3714 836 3796 periculosissimum
868 3717 960 3780 dabit
985 3727 1208 3802 praeceptum,
1242 3740 1310 3782 non

189 3800 334 3863 orationi
354 3798 458 3876 modo,
486 3799 552 3878 sed,
575 3799 662 3881 quod
688 3801 797 3864 mains
819 3811 874 3882 est,
895 3803 991 3866 vitoe.
1041 3801 1080 3865 Ut
1103 3825 1179 3888 erpo
1201 3811 1311 3866 trans-

189 3943 217 4006 1)
242 3943 283 3994 Of.
302 3944 386 3994 verba
411 3943 536 3993 carminis
559 3942 831 3994 Laureshamonsium
853 3947 975 3996 monach.
996 3946 1058 4009 (SS.
1078 3947 1153 4008 XXI,
1178 3965 1204 4014 p.
1224 3944 1308 4012 430):
1343 3998 1345 4002 ,

425 4013 517 4066 Factis
536 4013 676 4078 siluestres,
695 4016 827 4066 silvestria
845 4019 928 4070 corda
945 4025 1069 4086 gerentes.

189 4087 231 4139 cf.
252 4091 333 4140 etiam
352 4089 545 4153 Helmsdorfer,
564 4088 701 4140 ‘Wilhelm
722 4107 747 4140 v.
767 4090 911 4142 Hirschau’
937 4109 963 4158 p.
984 4091 1029 4154 85,
1053 4108 1080 4143 n.
1101 4093 1127 4154 3,
1154 4095 1200 4158 qui
1221 4099 1308 4160 putat,

188 4161 257 4213 talia
285 4163 369 4215 verba
392 4163 557 4230 temporibus
586 4179 674 4213 rerum
702 4179 838 4215 sacrarum
868 4165 1069 4216 restaurationis
1102 4166 1210 4218 adiecta
1240 4182 1312 4230 esse,

188 4237 287 4302 quippe
317 4237 414 4302 quibus
443 4237 548 4288 dicatur
570 4239 712 4288 scientiam
732 4238 887 4304 Scripturas
914 4239 1013 4289 Sacrae
1041 4239 1149 4288 unicam
1174 4241 1246 4291 riam
1272 4240 1310 4290 ad

187 4308 301 4360 salutem
321 4326 390 4361 esse.
465 4309 494 4378 2)
514 4311 625 4373 Quintil.
641 4311 664 4363 I.
685 4311 711 4376 6,
730 4312 774 4364 44.
795 4311 840 4362 45.
935 4356 937 4362 ,

1317 2357 1374 2398 Luc.
1387 2358 1422 2410 11,
1432 2357 1470 2398 52.
1551 2359 1552 2364 ’
