3114 4814
433 379 553 431 BRUNO
572 379 622 430 DE
640 380 760 432 BELLO
780 378 969 432 SAXONIOO.
1248 383 1265 434 5

146 566 238 609 suam
259 547 356 610 etiam
386 567 460 610 eum
481 548 631 628 senuerit,
660 569 726 612 non
754 548 882 614 recedet
902 547 945 612 ab
960 551 1017 630 ea’,
1039 559 1085 614 et:
1112 548 1266 616 ‘Odorem

146 650 241 715 quem
265 631 363 694 semel
376 630 541 696 imbiberit
555 653 666 696 recens
681 639 771 714 testa,
794 631 851 696 diu
866 631 1013 697 servabit’
1022 645 1042 697 ¹.
1080 633 1153 697 Hac
1166 634 1267 718 igitur

146 714 290 799 episcopi
311 736 376 778 non
397 715 575 801 episcopali
597 714 743 780 doctrina
764 738 824 779 rex
844 717 879 779 in
900 718 1044 802 nequitia
1060 717 1265 800 confortatus,

145 798 204 862 ivit
224 820 283 884 per
303 797 474 862 libidinum
502 799 702 885 praecipitia,
732 800 815 864 sicut
842 823 942 886 equus
965 811 997 865 ct
1018 800 1125 866 mulus
1170 801 1266 867 uibus
1276 813 1311 854 ra.
1321 813 1356 867 ³1,
1366 813 1393 854 ⁹1

144 903 208 946 non
236 891 284 945 est
312 881 506 966 intellectus3
537 893 569 947 et
619 883 652 946 ui
680 883 855 947 multorum
880 907 940 948 rex
968 894 1037 949 erat
1063 907 1128 972 pop
1165 907 1266 968 orum,

143 965 293 1030 thronum
320 967 428 1050 posuit
437 968 489 1056 ‘in
517 989 551 1030 se
579 905 715 1047 libidini,
742 977 930 1032 cunctorum
952 969 1084 1054 reginae
1105 971 1266 1035 vitiorum.

230 1051 260 1114 6.
303 1050 403 1114 Binas
424 1049 477 1115 vel
497 1059 604 1115 ternas
628 1050 723 1114 simul
745 1051 942 1117 concubinas
963 1052 1119 1135 habebat3
1142 1074 1202 1118 nec
1217 1052 1267 1117 his

145 1141 324 1216 contentus,
355 1135 586 1221 cuiuscumque
612 1133 711 1197 filiam
738 1134 791 1199 vel
816 1158 952 1200 uxorem
979 1137 1130 1202 iuvenem
1151 1137 1267 1201 01100-

144 1237 268 1280 mosam
291 1217 446 1300 audierat,
469 1220 497 1282 si
519 1217 631 1282 seduci
652 1240 717 1282 non
739 1229 875 1304 poterat,
898 1219 960 1284 sibi
980 1219 1134 1285 violenter
1148 1220 1268 1286 adduci

143 1302 373 1386 praecipiebat.
417 1301 601 1388 Aliquando
630 1304 727 1366 etiam
753 1304 824 1388 ipse
846 1325 910 1367 uuo
932 1305 1000 1368 sive
1023 1304 1149 1370 duobus
1172 1305 1268 1368 comi-

143 1393 238 1466 tatus,
266 1386 323 1450 ubi
351 1383 429 1449 tales
460 1408 530 1450 esse
552 1395 756 1469 cognoverat,
785 1387 820 1449 in
841 1397 935 1452 nocte
956 1387 1129 1473 pergebam
1159 1397 1192 1452 et
1212 1387 1269 1452 ali-

145 1467 274 1554 quando
301 1470 368 1534 voti
398 1471 448 1532 sui
476 1469 552 1534 mali
579 1491 711 1556 compos
740 1469 887 1552 efficitur,
916 1469 1088 1556 aliquando
1110 1493 1187 1536 vero
1209 1473 1268 1536 vix

144 1551 331 1637 effugiebat,
360 1574 401 1616 ne
430 1575 450 1616 a
475 1553 661 1639 parentibus
683 1565 807 1618 amatae
830 1555 899 1619 sive
920 1555 1035 1620 marito
1058 1555 1267 1622 occideretur.

142 1636 289 1700 Uxorem
317 1658 418 1719 suam,
451 1659 547 1722 quam
572 1635 714 1701 nobilem
737 1647 769 1702 et
790 1637 934 1724 pulcram
957 1639 1159 1704 suasionibus
1181 1641 1267 1724 prin-

143 1720 172 1782 ci
197 1743 253 1784 um
275 1721 394 1784 invitus
417 1721 562 1804 duxerat,
591 1721 637 1785 sic
660 1741 792 1784 exosam
813 1720 963 1803 habebat,
986 1732 1022 1786 ut
1042 1733 1116 1808 post
1136 1723 1267 1820 nuptias

144 1742 320 1868 celebratas
343 1826 415 1868 cam
439 1817 552 1890 sponte
575 1827 633 1868 sua
653 1825 831 1890 numquam
845 1805 970 1869 videret
978 1817 1000 1886 ²,
1023 1807 1267 1892 quia⁸et1psas

143 1888 273 1972 nuptias
302 1909 367 1951 non
395 1900 509 1973 sponte
538 1910 596 1952 sua
626 1887 853 1953 celebraverat.
903 1888 993 1974 Ergo
1023 1889 1132 1954 multis
1161 1890 1266 1954 modis

144 1993 312 2036 samace
341 1993 489 2058 separare
518 1971 702 2058 quaerebat,
724 1982 761 2036 ut
788 1982 865 2036 tuuc
888 1975 981 2057 quasi
1002 1971 1136 2037 licenter
1156 1971 1267 2038 illicita
1303 2036 1317 2052 ,

142 2053 273 2137 faceret,
296 2078 369 2119 cum
391 2055 461 2138 hoc,
487 2055 574 2141 quod
595 2055 723 2139 licebat,
746 2057 931 2141 coniugium
953 2078 1018 2120 non
1039 2056 1181 2121 haberet.

229 2141 257 2202 7.
301 2139 452 2287 Deniqpe
484 2139 612 2204 cuidam
645 2139 685 2203 de
718 2143 784 2204 suis
816 2139 1042 2223 familiaribus,
1076 2149 1111 2205 ut
1143 2149 1267 2226 peteret

142 2223 272 2307 reginae
300 2245 402 2287 concu
426 2225 505 2288 itum
533 2245 648 2310 praece
672 2223 707 2306 it,
735 2246 788 2286 ma
811 2246 952 2310 numque
975 2225 1005 2288 ei
1026 2225 1215 2310 praemium,
1238 2227 1266 2288 si

142 2307 299 2391 potiretur
321 2329 369 2389 eo,
391 2309 546 2392 promisit,
570 2330 632 2394 quo
677 2307 752 2372 inde
772 2247 858 2371 illam
873 2330 939 2372 non
953 2318 1142 2392 negaturam
1158 2329 1266 2394 spera·

142 2391 207 2471 bat,
231 2391 307 2475 quia
328 2390 497 2455 iuvencula
511 2393 616 2456 virum
632 2402 773 2476 experta,
796 2392 861 2454 iam
878 2393 971 2538 quasi
985 2393 1111 2457 deserta
1125 2393 1264 2458 vivebat.

141 2473 267 2558 Regina
294 2496 370 2538 vero
397 2475 457 2539 sub
485 2475 622 2539 femineo
651 2495 784 2559 corpore
806 2496 861 2539 cor
904 2477 1002 2540 abens
1023 2476 1127 2556 virile,
1157 2477 1265 2541 statim

143 2555 183 2620 de
214 2578 278 2642 quc
308 2557 395 2620 fonte
424 2557 592 2622 consilium
615 2557 677 2622 hoc
700 2567 862 2622 emanaret
882 2558 1048 2624 intellexit.
1093 2561 1136 2624 Et
1158 2561 1264 2644 primo

143 2640 273 2738 quidem
302 2639 390 2706 velut
416 2641 583 2726 indignata
610 2643 753 2726 negavit3
782 2641 838 2705 sed
866 2645 950 2706 sicut
976 2641 1028 2706 ille
1058 2645 1265 2728 pertinaciter

142 2733 224 2788 s1cut
252 2725 443 2809 praedoctus
470 2736 538 2790 erat
566 2727 707 2808 instaret,
736 2727 822 2811 quod
849 2726 1025 2812 rogabatur
1052 2748 1107 2791 ore
1138 2736 1264 2791 tantum

142 2809 297 2893 promisit.
333 2807 391 2874 Ille
412 2808 665 2894 gratulabundus
687 2831 756 2872 rem
777 2811 846 2894 regi
869 2812 1004 2891 nuntiat,
1026 2811 1184 2874 ethoram
1200 2831 1264 2896 qua

141 2893 337 2978 perficienda
369 2903 453 2958 esset
484 2892 616 2958 indicat.
667 2894 739 2958 Rex
765 2916 843 2958 vero
875 2893 977 2958 laetus
1005 2895 1048 2958 ad
1079 2893 1264 2958 cubiculum

141 2977 271 3061 reginae
294 2977 388 3041 simul
410 3000 483 3042 cum
505 2977 650 3043 adultero
673 2977 789 3064 pergit,
810 2987 846 3041 ut
867 2977 944 3042 dum
967 2999 1022 3041 eos
1043 2977 1164 3063 pariter
1179 2999 1263 3042 com·

141 3061 270 3125 misceri
296 3063 366 3146 ipse
394 3061 528 3144 videret,
556 3083 667 3125 cama
690 3083 748 3125 suo
772 3062 922 3146 coniugio
948 3059 1092 3146 legaliter
1111 3062 1262 3145 abiceret,

141 3142 193 3207 vel
215 3145 320 3224 etiam,
343 3145 429 3230 quod
451 3145 554 3230 magis
576 3144 713 3227 volebat,
741 3145 909 3209 occideret.
955 3146 1020 3209 Sed
1042 3169 1117 3209 cum
1138 3145 1264 3210 adulter

141 3226 183 3290 ad
204 3226 344 3290 hostium
371 3230 501 3312 reginae
528 3229 680 3313 pulsaret,
710 3239 742 3292 et
762 3228 838 3292 huic
866 3228 921 3292 illa
941 3227 1094 3293 velociter
1114 3229 1261 3314 aperiret,

142 3331 202 3372 rex
224 3312 339 3373 timens
361 3333 401 3373 ne
423 3311 477 3376 illo
522 3314 589 3376 rius
611 3313 794 3376 intromisso
810 3315 879 3397 ipse
894 3311 1128 3392 excluderetur,
1145 3313 1262 3376 ostium

142 3393 285 3456 concitus
317 3394 440 3478 irrupit.
493 3334 597 3474 (duem
627 3397 741 3480 regina
777 3417 968 3480 agnoscens,
1005 3395 1148 3459 adultero
1185 3395 1262 3459 foris

140 3476 251 3540 relicto
272 3479 401 3540 ianuam
423 3478 575 3542 citissime
598 3477 720 3558 clausit,
744 3487 776 3541 et
797 3481 863 3542 suis
884 3479 935 3541 vir
958 3478 1063 3543 inibus
1079 3480 1262 3543 convocatis

141 3582 215 3625 eum
244 3561 382 3624 scamnis
411 3571 442 3625 et
469 3559 603 3643 baculis,
634 3583 716 3647 quae
745 3583 835 3624 arma
863 3561 906 3625 ad
935 3501 997 3625 doc
1019 3561 1201 3646 collegerat,
1227 3563 1261 3626 in

140 3652 263 3708 tantum
292 3643 488 3726 verberavit,
522 3656 559 3710 ut
592 3667 666 3709 eum
693 3646 913 3709 semianimem
943 3645 1154 3732 relinqueret:
1188 3645 1262 3711 ‘Fili

140 3728 335 3810 meretricis,
364 3729 541 3814 inquiensb,
569 3729 664 3794 ‘unde
686 3729 745 3794 tibi
766 3729 845 3793 haec
866 3730 1012 3812 audacia,
1041 3740 1096 3794 01ο
1118 3732 1260 3816 reginae,

141 3833 224 3958 quae
253 3813 462 3876 fortissimum
489 3812 586 3877 habet
616 3813 775 3896 maritum,
806 3835 951 3912 sperares
974 3813 1159 3880 adulteria‘l'
1202 3813 1260 3880 Hle

140 3904 256 3960 camat
277 3919 311 3960 00
333 3918 402 3960 0000
417 3895 616 3978 Heinricum,
639 3919 673 3960 se
695 3919 764 3962 esse
778 3899 880 3982 ipsrus
894 3900 1055 3981 maritum,
1072 3921 1105 3963 se
1120 3897 1260 3962 voluisse

139 3979 336 4065 *legitimum
363 3981 432 4044 eius
459 3979 675 4044 concubitum.
718 3979 777 4045 Illa
805 3980 966 4064 reclamat,
995 3983 1080 4047 hunc
1102 4003 1167 4046 non
1189 4004 1371 4060 essequam.

138 4122 168 4222 a}
179 4125 284 4171 Quia...
299 4135 353 4174 ergo
364 4127 384 4165 1.
431 4123 455 4176 b)
471 4125 503 4164 ita
518 4119 559 4174 1¹³3
575 4126 630 4164 deest
645 4127 670 4173 1,-
687 4127 764 4174 inquit
781 4127 800 4166 2.
849 4124 869 4176 0)
879 4131 903 4166 01
921 4151 947 4158 -
964 4128 1078 4168 adulteria
1093 4127 1169 4166 desum
1187 4120 1255 4178 1⁸11),

138 4195 152 4222 α
168 4185 189 4224 cl.
207 4185 227 4224 2.

143 4293 287 4417 1),·Hop·>ct.
308 4296 395 4362 Epist.
415 4296 439 4358 I,
461 4298 485 4359 2,
508 4299 550 4348 70.
583 4297 615 4348 P.
702 4297 732 4364 2)
747 4298 825 4349 Auno
845 4300 951 4351 demam
973 4298 1154 4366 1011111011
1173 4315 1206 4352 aa
1225 4316 1258 4351 ee

138 4375 205 4418 1011,
251 4405 257 4420 .
