3098 4818
334 299 368 348 96
626 297 746 348 BRUNO
765 297 814 347 DE
833 295 952 346 BELLO
973 295 1160 348 saxortlco.

256 466 394 530 ¹⁰⁸⁰·nisi
415 466 468 529 cui
490 465 626 550 contigit
646 464 725 529 haec
749 465 856 528 omnia
870 464 941 527 loca
954 463 1210 550 praesentialiter
1223 465 1343 529 videre.
1387 463 1486 528 Flu-

279 531 322 632 {21
332 551 403 615 vius
425 550 509 614 enim
530 548 609 614 tales
638 571 680 613 ex
705 557 840 634 utraque
862 557 953 647 parte
974 551 1062 634 ripas
1083 548 1189 631 habet,
1218 557 1254 613 ut
1278 549 1331 612 hio
1362 571 1484 612 nemo

332 635 394 699 nisi
416 633 533 697 cadens
555 634 656 720 possit
676 633 803 714 intrare,
825 631 890 696 illro
913 655 1006 696 nemo
1028 634 1090 696 nisi
1111 634 1253 697 frutectis
1274 631 1325 698 vel
1348 633 1483 698 herbis

332 719 468 817 arreptis
489 741 523 782 re
548 739 603 782 ens
626 718 729 803 possit
750 717 849 781 exire.
892 714 986 780 Multi
1000 717 1159 802 fugientes
1179 739 1253 780 cum
1267 715 1338 780 hies
1363 718 1483 802 proni

332 802 468 867 fluvrum
482 739 635 866 vellrciter
653 801 838 883 inciderent,
860 813 892 866 et
913 799 978 864 illic
1000 801 1039 866 de
1062 801 1164 866 dorsis
1186 823 1342 886 equorum
1368 803 1480 887 ripae

332 885 497 968 insilirent,
519 884 626 972 gladio
647 886 750 972 ripam
773 884 958 966 caedebant,
980 897 1017 950 ut
1039 909 1138 972 equos
1159 897 1233 970 post
1251 907 1286 950 se
1300 885 1340 948 de
1355 883 1478 949 fluvio

334 969 545 1052 extraherent,
578 969 770 1056 tandemque
804 968 966 1033 caedendo
999 970 1133 1054 fatigati,
1170 970 1260 1056 equis
1294 968 1476 1034 derelictis

334 1057 430 1120 armis
454 1078 493 1120 ue
520 1055 673 1140 proiectis
700 1055 809 1139 fugam
831 1053 948 1138 trepidi
971 1056 1202 1141 corripuerunt.
1245 1054 1334 1137 Ergo
1367 1054 1474 1140 quic·

335 1139 413 1226 quid
428 1078 590 1204 llnstmdb
612 1137 669 1202 ubi
689 1139 765 1201 victi
787 1160 897 1202 sumus
918 1139 953 1201 in
974 1160 1032 1202 nos
1049 1139 1206 1224 peec'avit,
1229 1137 1379 1202 Elstera⁰
1403 1159 1473 1224 pro

334 1225 426 1289 nobis
455 1222 626 1310 dupliciter
653 1222 838 1286 vindicavit.
887 1220 956 1286 Illic
984 1223 1069 1286 enim
1096 1233 1218 1290 tantum
1248 1233 1378 1286 nostras
1411 1245 1473 1286 res

333 1309 494 1392 fugientes
521 1307 696 1388 amisimus,
725 1308 797 1370 istic
826 1316 857 1370 et
884 1305 1014 1370 hostiles
1037 1318 1068 1372 et
1089 1317 1224 1388 nostras,
1254 1329 1334 1393 quas
1362 1307 1471 1370 nobis

333 1391 518 1478 praedando
532 1391 671 1455 tulerant
691 1391 849 1474 fugientes
872 1390 989 1469 hostes,
1010 1391 1206 1476 fugientibus
1228 1400 1260 1454 et
1279 1391 1470 1455 interfectis

334 1474 534 1541 abstulimus.
577 1475 616 1538 In
630 1475 714 1558 'fuga
737 1495 813 1538 vero
836 1496 931 1561 quam
954 1475 1083 1559 plurimi
1105 1476 1201 1540 fortes
1216 1476 1277 1538 viri
1294 1475 1468 1538 arusticis

336 1561 502 1624 securibus
525 1567 556 1623 et
576 1558 713 1623 fustibus
737 1559 842 1640 occisi,
869 1558 960 1622 multi
981 1558 1103 1624 nobiles
1126 1570 1159 1624 et
1180 1557 1317 1622 illustres
1341 1567 1418 1621 sunt
1444 1581 1469 1622 a

335 1645 480 1729 personis
491 1642 612 1706 vilibus
635 1643 730 1727 capti,
752 1641 843 1707 multi
857 1643 941 1708 fame
956 1642 1176 1708 crudelissima
1191 1644 1332 1724 cruciati,
1354 1663 1465 1727 equos

334 1725 386 1792 vel
414 1726 537 1812 gladios
566 1748 624 1812 pro
654 1726 754 1790 frusto
784 1728 876 1812 panis
907 1727 983 1792 dare
1010 1749 1074 1792 uon
1101 1728 1306 1810 dubitabant,
1341 1749 1404 1790 nec
1435 1727 1466 1790 si

335 1835 452 1900 panem
473 1811 619 1878 venalem
641 1812 829 1892 invenirent,
858 1810 914 1875 ulli
941 1834 1017 1876 suae
1044 1814 1091 1876 rei
1114 1810 1298 1898 parcebant.
1345 1810 1380 1875 Si
1404 1811 1464 1896 qui

335 1919 411 1962 vero
445 1898 530 1983 capti
563 1895 604 1961 ad
637 1897 777 1981 aliquem
811 1895 851 1959 de
878 1899 994 1961 nostris
1023 1895 1183 1960 hominem
1200 1889 1353 1981 ¹probum
1384 1904 1464 1959 sunt

336 1981 476 2062 adducti,
507 1981 609 2045 sanati
639 1981 666 2043 si
688 1977 845 2044 vulnerati
875 1989 973 2063 erant,
1003 1982 1103 2065 gratis
1133 1981 1167 2043 in
1196 1981 1334 2065 patriam
1366 2001 1463 2044 suam

336 2067 547 2144 remittuntur,
571 2063 714 2128 vestibus
737 2074 769 2127 et
790 2065 887 2127 armis
910 2064 1059 2129 decenter
1076 2065 1230 2129 instructi.
1275 2064 1369 2127 Tune
1393 2063 1462 2126 dic-

336 2161 403 2214 tum
431 2159 480 2214 est
506 2147 578 2226 illis,
609 2148 695 2234 quod
718 2147 888 2212 Heinricus
910 2149 1058 2213 dominus
1080 2171 1189 2212 eorum
1211 2157 1285 2233 post
1305 2148 1460 2212 Boemios

337 2234 485 2315 misisset,
508 2242 540 2296 et
559 2231 622 2295 illis
645 2233 857 2315 venientibus,
880 2255 953 2296 eum
976 2232 1088 2297 eodem
1113 2234 1167 2320 qui
1189 2232 1295 2296 adhuc
1316 2231 1460 2318 reliquus

337 2328 405 2382 erat
427 2317 570 2381 exercitu
593 2316 766 2380 Saxoniam
795 2327 938 2402 repetere
960 2316 1121 2382 voluisset.
1166 2317 1232 2382 Sed
1258 2316 1304 2380 illi
1325 2337 1459 2401 respon·

337 2403 461 2483 derunt,
491 2423 525 2464 se
554 2401 671 2485 potius,
702 2401 729 2463 si
756 2400 909 2486 possibile
936 2411 1028 2482 esset,
1061 2411 1162 2466 totum
1190 2401 1347 2465 mundum
1375 2398 1458 2464 velle

338 2486 481 2566 circuire,
510 2506 606 2571 quam
629 2483 823 2549 Saxonicum
857 2495 973 2550 terram
1001 2507 1143 2572 unquam
1165 2487 1276 2570 magis¹
1289 2485 1424 2549 transire
1432 2483 1457 2548 ⁶.

423 2571 493 2634 124.
536 2569 663 2633 Interea
685 2569 831 2634 Saxones
852 2569 895 2632 ad
917 2593 975 2633 sua
997 2581 1101 2634 eastra
1121 2571 1251 2651 reversi,
1272 2576 1458 2657 repererunt

337 2654 526 2718 inminutam
549 2675 699 2738 magnam
721 2664 846 2752 partem
869 2655 919 2717 sui
940 2653 1062 2739 gaudii,
1085 2657 1161 2741 quia
1181 2677 1240 2719 rex
1261 2675 1372 2718 eorum
1393 2653 1455 2716 Ro-

338 2737 444 2803 dulfus
466 2737 590 2802 duobus
612 2746 752 2822 acceptis
767 2735 962 2820 vulneribus,
986 2760 1050 2802 uno
1072 2736 1168 2818 letali,
1191 2737 1290 2802 altero
1312 2737 1454 2820 deformi,

337 2823 440 2908 magis
463 2843 560 2907 quarn
589 2844 681 2885 suum
710 2819 840 2887 dolebat
861 2843 970 2885 casum
992 2821 1112 2907 populi.
1157 2822 1222 2886 Sed
1244 2844 1318 2885 cum
1339 2841 1454 2904 cogno*

337 2908 445 2988 visset,
462 2906 548 2992 quod
560 2928 636 2970 suus
648 2904 780 2970 haberet
791 2907 957 2970 victoriam
968 2905 1122 2991 populus:
1140 2905 1261 2986 ‘Nuno',
1276 2907 1329 2988 ait,
1344 2904 1452 2968 ‘laetus

338 2992 443 3076 patiar
479 2991 573 3054 vivus
613 2998 666 3054 et⁰
705 2991 859 3072 moriens,
900 2991 1053 3077 quicquid
1090 2988 1230 3055 voluerit
1267 2990 1422 3054 Dominus
1432 2988 1449 3050 l’

339 3074 494 3154 Quamvis
516 3081 622 3136 autern
643 3073 776 3137 dextera
798 3097 911 3138 manus
932 3073 979 3138 illi
992 3074 1103 3138 fuisset
1118 3083 1291 3159 amputata,
1314 3082 1346 3138 et
1359 3093 1452 3158 grave

337 3156 456 3222 vulnus
477 3157 608 3222 haberet
628 3166 740 3221 venter
761 3158 818 3222 ubi
840 3158 1006 3223 descendit
1031 3159 1074 3222 ad
1095 3157 1159 3238 ilia,
1189 3169 1297 3223 tamen
1324 3168 1360 3223 ut
1384 3155 1451 3221 illos

339 3264 420 3330 quos
433 3242 472 3306 de
484 3263 542 3304 sua
553 3251 654 3306 morte
666 3240 797 3306 videbat
808 3239 950 3308 dolentes
962 3243 1186 3325 consolaretur,
1202 3265 1236 3306 se
1248 3264 1311 3305 non
1323 3243 1356 3304 in
1366 3263 1450 3326 prae-

339 3328 420 3392 senti
431 3328 626 3390 ·moriturum
643 3325 779 3390 fidenter
793 3325 978 3411 pollicetur,
996 3328 1108 3414 suique
1148 3337 1321 3413 ostponens
1336 3347 1449 3407 curam,

339 3412 405 3476 suis
420 3411 592 3478 vulneratis
612 3409 800 3475 ostendebat
820 3433 917 3510 quam
939 3411 1066 3476 deceret
1087 3433 1106 3474 a
1151 3412 1231 3477 iberi
1252 3409 1449 3474 medicinam.

340 3496 414 3576 Qua
434 3495 620 3560 fortitudine
642 3493 736 3558 simul
758 3507 789 3560 et
811 3505 929 3581 pletate
951 3496 1051 3559 nostri
1072 3496 1236 3581 principes
1258 3494 1352 3568 valde
1372 3515 1449 3557 eom-

339 3580 426 3662 moti,
450 3579 651 3644 concorditer
672 3601 782 3643 omnes
804 3580 833 3644 ei
856 3581 1104 3728 spoponderunt,
1134 3587 1169 3644 ut
1196 3581 1223 3643 si
1244 3581 1335 3644 Deus
1357 3579 1449 3642 omni·
1508 3627 1509 3630 η

339 3671 452 3748 potens
481 3661 564 3727 illius
591 3664 691 3727 vitam
721 3686 848 3728 servare
869 3688 909 3729 ve
934 3674 965 3729 et
992 3686 1029 3728 eo
1057 3665 1141 3746 vivo,
1171 3665 1296 3729 etiamsi
1323 3673 1448 3747 utraque

339 3769 437 3810 mauu
459 3756 591 3826 careret,
615 3747 757 3812 Saxonia
777 3746 898 3811 nullum
921 3748 1018 3812 alium
1033 3760 1190 3814 rectorem
1205 3747 1345 3832 eligeret.
1382 3747 1448 3827 Qua

339 3830 403 3895 fide
425 3829 560 3894 multum
581 3829 634 3895 ille
649 3830 793 3913 laetatus,
816 3831 901 3896 felici
917 3841 964 3898 est
979 3844 1080 3899 morte
1099 3831 1256 3896 resolutus
1264 3833 1285 3895 f.
1322 3831 1447 3896 Factum

340 3926 388 3981 est
409 3924 514 3980 autem
537 3915 598 3978 hoc
619 3913 775 4000 proelium
803 3927 950 4016 quartum
978 3939 1062 3982 anno
1091 3918 1131 3982 ab
1153 3913 1446 3980 incarnationem:

340 4001 418 4064 mini
441 4001 532 4084 1080,
556 3999 666 4064 [dibus
690 4000 849 4081 Octobris,
872 4001 951 4066 feria
971 4002 1001 4066 5.

280 4114 330 4156 ne.
426 4085 496 4172 125.
540 4084 667 4148 Deinde
699 4107 807 4150 mense
838 4085 1026 4168 Decembri,
1060 4082 1327 4172 cum'principes
1356 4083 1446 4147 nostri
1508 4161 1509 4170 ἵ

341 4253 363 4308 a)
379 4257 415 4296 illi
430 4243 467 4296 hle
484 4257 503 4301 1,
555 4254 579 4306 b)
596 4256 696 4297 Unstrad
714 4258 732 4295 1.
784 4253 806 4308 c)
821 4256 914 4297 antrat
930 4259 950 4300 1.
1001 4257 1024 4310 d)
1040 4260 1127 4300 intrare
1143 4259 1164 4299 2.
1219 4255 1242 4308 e)
1257 4258 1307 4297 sive
1323 4257 1344 4296 2.
1390 4251 1445 4306 tiso

340 4315 394 4356 iuda
403 4315 527 4356 translatus
536 4315 678 4368 Merseburg,
686 4316 755 4356 sicuti
764 4315 833 4356 nouis
841 4320 911 4369 patet,
925 4318 954 4358 ab
967 4319 1022 4369 ipsis
1035 4317 1161 4359 honorifice
1178 4319 1212 4357 est
1223 4315 1347 4357 tumulatus
1361 4313 1404 4354 aad.
1413 4308 1444 4354 lb.
