3098 4818
308 421 361 470 loo
602 419 724 470 BRUNO
744 419 795 470 DE
815 419 936 471 BELLO
957 418 1152 471 snxomco

229 587 435 654 sonandam
464 589 666 668 convenisse,
693 609 754 652 nec
782 609 816 652 se
845 596 952 652 tantae
979 609 1049 652 esse
1078 587 1269 672 sapientiae,
1298 593 1334 649 ut
1364 595 1442 650 tam

230 661 455 758 fflflmagnam
484 693 551 736 rem
581 693 623 736 ex
644 671 820 757 improviso
842 682 1050 759 praesumant
1078 670 1237 756 agendam
1264 670 1440 754 accipere3

304 757 493 842 praesertim
516 776 590 820 eum
611 777 677 820 non
698 754 796 820 adse
818 754 932 836 solum,
958 755 1016 820 sed
1036 754 1076 819 ad
1099 777 1208 840 regem
1231 762 1440 840 cunctosque

304 861 405 926 regno
427 841 495 904 eius
519 838 665 903 subditos
686 839 845 925 pertinere
866 839 1022 904 videatur.
1066 838 1239 923 Rogabant
1264 847 1374 902 autem
1397 846 1440 902 ut

305 923 347 988 ab
374 923 466 988 initio
487 923 665 1006 Februarii,
695 923 783 1010 quod
811 933 888 987 tunc
917 933 994 1005 erat,
1023 945 1126 1009 usque
1155 922 1197 986 ad
1226 921 1439 986 medietatem

305 1009 391 1073 Iunii
412 1029 479 1094 pax
500 1029 543 1072 ex
564 1017 700 1094 utraque
720 1017 811 1092 parte
833 1007 973 1088 daretur,
995 1007 1079 1072 intra
1101 1007 1189 1092 quod
1210 1016 1337 1090 tempus
1353 1027 1437 1070 con·

305 1102 404 1156 ventu
424 1091 509 1156 facto
531 1092 644 1156 eadem
665 1112 773 1173 causa,
802 1113 899 1190 quam
921 1091 1021 1156 nestri
1043 1112 1128 1154 nune
1150 1113 1246 1173 agere
1268 1088 1435 1171 volebant,

305 1176 469 1240 communi
495 1177 593 1240 totius
622 1197 657 1239 re
703 1177 714 1238 i
741 1186 842 1260 parus
872 1177 1037 1261 utriusqus
1066 1174 1198 1239 oonsilio
1227 1183 1434 1240 tractaretur.

305 1259 414 1324 Nostri
435 1280 512 1324 vero
534 1258 625 1324 dolos
655 1261 662 1274 ‘
689 1281 780 1323 orum
808 1260 898 1346 perci
922 1260 1035 1340 ientes,
1085 1260 1139 1323 uia
1162 1268 1336 1357 propterea
1361 1271 1435 1323 tam

304 1342 438 1428 longum
452 1351 578 1428 tempus
593 1344 683 1429 pacis
699 1342 817 1409 habere
832 1282 991 1425 volebant,
1013 1353 1049 1407 ut
1090 1345 1097 1358 '
1114 1365 1170 1429 qur
1185 1342 1272 1406 domi
1286 1364 1436 1406 remane-

305 1429 384 1493 bant
405 1437 511 1493 assent
531 1429 601 1508 tuti,
631 1427 734 1491 donec
762 1427 809 1491 illi
831 1429 887 1513 qui
908 1429 943 1491 in
964 1427 1090 1493 Italiam
1112 1426 1291 1513 pergebant
1319 1438 1435 1490 contu-

305 1511 434 1575 meliam
457 1511 598 1575 facerent
623 1510 817 1596 apostolieae
844 1511 1009 1596 dignitas,
1038 1511 1283 1596 responderunt,
1313 1531 1434 1575 senec

305 1593 455 1679 decipere
469 1592 551 1658 velle
571 1615 631 1658 nec
646 1594 764 1681 decipi,
786 1594 844 1659 sed
864 1598 989 1660 firmam
1005 1606 1037 1660 et
1050 1597 1208 1680 integram
1219 1616 1338 1694 pacem
1353 1593 1434 1659 dare

306 1687 339 1742 et
383 1687 467 1742 etsre
494 1699 597 1764 usque
626 1677 668 1742 ad
697 1680 868 1744 terminum
893 1681 1046 1766 temporis
1072 1680 1238 1765 praedicti.
1282 1679 1432 1765 Cumque

305 1760 352 1824 illi
396 1762 553 1826 eutonieis
574 1763 733 1844 omnibus,
754 1773 882 1828 nostrae
903 1765 1004 1849 partis
1025 1763 1235 1845 adiutoribus,
1258 1783 1372 1847 pacem
1396 1785 1432 1828 se

305 1845 383 1910 dare
405 1846 640 1931 promitterent:
662 1848 781 1930 ‘Itane’,
804 1847 887 1912 dixit
908 1847 985 1913 Otto
1008 1848 1085 1930 dux,
1113 1854 1182 1912 ‘nos
1205 1846 1337 1911 stolidos
1359 1869 1434 1911 essa

305 1930 435 2076 putatis,
467 1939 504 1994 ut
534 1951 600 1994 non
631 1930 846 2017 intelligamus
880 1931 1047 1996 eonsilium
1072 1941 1199 1996 vestrae
1227 1929 1433 1995 calliditatis?

335 2015 419 2079 etitis
450 2014 566 2078 vestris
598 2016 744 2100 partibus
775 2037 796 2079 a
827 2014 920 2080 nobis
951 2017 1041 2102 pacis
1075 2017 1293 2096 securitatem,
1325 2015 1431 2080 donec

306 2096 514 2182 apostolicam
536 2099 666 2182 possitis
694 2099 884 2164 inhonorare
906 2100 1109 2186 dignitatem:
1137 2109 1169 2164 et
1194 2099 1286 2164 nobis
1314 2121 1431 2186 pacem

306 2190 446 2246 vestram
491 2183 661 2264 remittitis,
683 2181 786 2247 donec
806 2182 895 2246 illum
919 2186 975 2271 qui
995 2192 1140 2248 nostrum
1162 2194 1260 2271 caput
1281 2193 1339 2264 est,
1369 2206 1430 2268 pro

306 2275 412 2331 vestro
438 2203 542 2345 liiitu,
571 2267 599 2329 si
625 2266 716 2330 Deus
745 2269 933 2365 permiserit,
964 2267 1046 2332 male
1075 2269 1227 2336 tractetis.
1272 2267 1302 2334 O
1354 2291 1431 2332 uam

306 2347 393 2413 bona
420 2371 487 2434 pax
513 2348 606 2414 datur
633 2371 769 2436 eorporr,
802 2351 879 2415 dum
906 2352 1077 2417 crudeliter
1108 2352 1235 2417 absciso
1269 2289 1430 2417 crudelius

306 2431 451 2496 illuditur
472 2433 586 2518 capiti!
630 2434 719 2519 Ergo
734 2435 827 2500 nobis
842 2445 874 2500 et
887 2437 1004 2501 nostris
1020 2437 1169 2502 omnibus
1185 2436 1268 2519 date,
1290 2446 1323 2502 et
1336 2435 1430 2501 vobis

306 2524 339 2580 et
351 2517 467 2581 vestris
490 2515 639 2582 omnibus
660 2519 807 2606 aecipite,
854 2542 945 2586 acem
966 2530 1022 2585 aut
1042 2522 1201 2604 integram
1223 2530 1279 2585 aut
1299 2520 1428 2586 nullam.

306 2599 404 2682 Quod
433 2601 460 2664 si
487 2599 616 2687 plenam
646 2625 760 2750 pacem
789 2544 883 2670 nolis
916 2615 948 2670 et
978 2607 1095 2670 nostris
1127 2605 1276 2669 omnibus
1308 2605 1429 2690 amicis,

306 2685 431 2770 magnis
453 2693 486 2749 et
505 2687 624 2770 parvis,
669 2708 804 2752 aranon
817 2688 924 2772 vultis,
943 2691 1071 2789 pergite
1085 2691 1146 2754 iter
1161 2689 1247 2776 quod
1263 2689 1429 2774 coepistis;

304 2767 366 2832 hoc
387 2777 494 2833 tamen
522 2780 596 2834 ante
647 2772 798 2853 raedict0,
826 2773 913 2858 quod
941 2797 975 2837 rn
1004 2774 1122 2838 linibus
1144 2774 1257 2838 vestris
1287 2773 1344 2837 hos
1369 2774 1428 2838 ites

304 2853 368 2917 cito
384 2873 448 2916 non
462 2864 571 2939 gratos
585 2793 755 2939 habebitis,
777 2877 838 2920 nec
852 2879 903 2921 res
917 2867 1051 2940 vestras,
1073 2869 1109 2922 ut
1123 2856 1257 2940 velletis,
1280 2857 1322 2922 ab
1337 2796 1430 2922 ilalia

303 2937 425 3000 reversi
446 2937 622 3002 custoditas
644 2941 825 3006 invenietis.
869 2941 953 3004 Nam
976 2941 1037 3006 hoc
1058 2940 1207 3006 nolumus
1228 2963 1286 3006 vos
1316 2939 1428 3024 celare,

304 3019 392 3108 quod
415 3023 615 3107 cumprime
637 3027 823 3108 poterimus,
845 3047 946 3088 unum
968 3035 1125 3090 rectorem
1139 3023 1287 3090 volumus
1301 3025 1428 3110 habere,

304 3105 361 3189 qui
383 3112 415 3167 et
434 3124 493 3166 nos
516 3105 557 3168 ab
579 3106 703 3170 iniuriis
724 3107 848 3172 fortiter
861 3107 1033 3188 adiuvante
1048 3109 1122 3174 Deo
1143 3109 1303 3192 defendat,
1325 3119 1357 3174 st
1377 3108 1428 3174 his

304 3187 362 3273 qui
383 3184 478 3251 nobis
497 3188 629 3252 iniurias
643 3189 786 3255 fecerunt
799 3193 969 3278 aequitatis
984 3196 1090 3259 vicem
1105 3193 1277 3280 rependat.
1310 3192 1427 3259 Milites

305 3292 382 3418 erigo
404 3268 509 3356 plebei
532 3273 632 3358 partis
653 3273 807 3339 adversae
829 3275 1039 3360 conclamant,
1061 3286 1186 3342 nostros
1208 3299 1344 3364 aequam
1359 3300 1427 3342 rem

305 3376 324 3418 o
349 3377 429 3437 erre,
459 3377 533 3420 suos
555 3358 718 3443 principes
744 3380 884 3446 aequum
905 3382 966 3425 nee
987 3360 1142 3447 praebere
1163 3384 1224 3426 nee
1245 3362 1425 3447 accipere&

303 3461 338 3503 se
360 3439 494 3524 posthac
514 3440 556 3504 ad
578 3442 790 3527 pugnandum
812 3445 917 3508 minus
931 3445 999 3508 fere
1038 3454 1143 3508 aratos
1158 3467 1255 3532 quam
1272 3445 1425 3510 hactenus

302 3521 448 3605 fuissent,
478 3526 554 3609 quia
583 3546 713 3590 causam
739 3528 879 3592 iustitiae
908 3550 981 3592 cum
1005 3467 1189 3593 §amnibus
1217 3551 1287 3594 esse
1309 3551 1426 3616 cogno-

303 3607 432 3703 uissent,
454 3605 590 3692 plusque
612 3611 705 3675 nobis
725 3609 817 3676 ‘illum
840 3623 1031 3677 conventum
1055 3635 1152 3699 quam
1169 3616 1203 3678 in
1218 3612 1320 3678 tribus
1336 3636 1426 3700 pros-

303 3685 354 3751 lus
370 3691 538 3754 victoriam
548 3692 718 3836 prodesse,
742 3697 818 3780 quia
833 3697 920 3780 quod
934 3718 1111 3782 numquam
1126 3697 1255 3762 credere
1270 3708 1424 3782 poterant,

303 3781 429 3836 nostros
457 3771 547 3836 humi
560 3775 620 3839 iter
647 3779 802 3844 iustitiam
831 3779 994 3864 postulare
1028 3779 1124 3845 simul
1153 3792 1185 3846 et
1212 3782 1334 3863 offerre,
1364 3783 1424 3867 ipsi

303 3867 488 3941 praesentes
510 3857 684 3926 audissent.
729 3863 783 3928 Sic
805 3864 846 3928 ab
868 3864 1005 3929 invicem
1021 3863 1201 3948 discedunt,
1223 3875 1347 3930 tantum
1369 3888 1425 3951 per

305 3950 429 4026 septem
451 3941 520 4006 dies
542 3940 731 4010 altrinsecus
750 3967 829 4032 pace
852 3946 937 4012 data.

228 4043 293 4084 aaa.
390 4027 461 4090 129.
504 4025 676 4092 Heinricus
704 4031 803 4114 igitur
829 4031 966 4096 intrante
994 4031 1111 4096 Martio
1139 4033 1269 4098 intravit
1289 4031 1423 4114 Italiam,

184 4135 224 4190 sp.
241 4139 292 4180 sss.
304 4110 518 4174 seminaturus
540 4121 572 4175 et
593 4112 648 4195 ibi,
670 4115 770 4178 sicut*
792 4114 918 4200 pridem
939 4116 973 4179 in
994 4117 1173 4181 Teutonica
1193 4117 1312 4182 fecerat
1332 4127 1423 4194 terra,

304 4192 507 4276 discordiam,
529 4216 593 4282 quo
615 4195 735 4261 nullam
757 4199 848 4282 regui
869 4201 919 4264 sui
940 4211 1064 4285 partem
1080 4211 1228 4287 pacatam
1244 4200 1423 4283 dimitteret,

304 4277 376 4342 ubib
391 4276 535 4341 civilium
550 4278 706 4345 bellorum
720 4283 852 4347 venenis
867 4284 957 4368 pacis
969 4285 1110 4370 quietem
1121 4306 1186 4349 non
1197 4297 1423 4370 corrumperet

304 4421 328 4474 a)
345 4425 500 4474 susciperes.
560 4423 689 4479 b)ita1¹²;
706 4433 775 4480 atque
793 4433 813 4471 1.

157 4494 225 4514 A
