3114 4814
307 368 359 418 142
490 368 540 418 DE
559 367 719 419 uulrsrs
742 366 946 418 secessisti
967 366 1244 419 CONSERVANDA.

306 541 415 592 diuinus
441 548 465 594 et
484 541 630 593 auctoritas
655 540 755 593 Veteris
778 557 810 591 oc
829 539 902 592 Noui
925 540 1084 592 Testamenti
1107 539 1254 592 rectissima
1277 542 1312 593 sit
1335 559 1432 594 norma

306 624 377 675 oilae
390 623 538 686 luntianae,¹
551 625 672 690 ideoque,
686 608 757 689 affl,
771 623 842 674 nibil
853 623 928 674 debet
940 623 1023 674 abbas
1037 629 1113 675 satra
1124 630 1298 690 praeceptum
1310 624 1432 690 Domini,

306 697 378 763 quad
397 697 496 761 atsur,
515 707 563 748 aut
586 699 679 750 docere
704 705 752 748 out
777 696 934 748 constituere
959 697 1002 749 oel
1024 695 1123 760 iubere,
1143 698 1191 748 sed
1208 697 1291 748 iussio
1311 697 1368 749 cius
1387 699 1432 751 uel

307 771 430 822 doctrina
445 771 611 836 fermentum
634 769 743 823 divinae
765 767 884 822 iustitiae
902 769 931 820 in
950 769 1142 836 discipularum
1160 769 1290 822 mentibus
1306 788 1429 838 consper-

176 889 199 930 οἱ
215 889 289 930 m,
306 859 395 921 patur.
431 851 537 918 Oportet
551 862 648 919 autem,
668 839 803 923 inquit2,
824 851 943 903 abbatem
959 868 1014 904 esse
1030 853 1135 904 doctam
1151 853 1205 920 lepe
1224 853 1327 918 diuina,
1347 862 1376 905 ut
1395 853 1432 904 sil

198 916 379 1000 damnande
399 935 525 1002 proferat
549 953 621 986 noca
645 948 671 988 et
694 943 792 990 uetera.
837 919 929 984 Siout
956 919 1042 982 enim
1072 920 1152 984 dicit
1178 921 1340 985 Dominus
1370 943 1431 1008 per

204 1009 250 1050 Iu·
261 1011 297 1060 1⁰,
306 1003 505 1066 Hieremiam
533 1003 740 1088 prophetam:
772 1002 899 1069 Stultus
922 1013 968 1068 est
996 1005 1214 1070 omnishomo
1237 1029 1259 1069 a
1281 1007 1433 1088 scientia,

217 1068 251 1109 ¹⁴·
261 1067 296 1111 ¹⁶·
306 1096 336 1150 et
352 1109 369 1151 o
395 1109 453 1150 era
468 1110 579 1151 eorum
593 1111 685 1153 uana
699 1097 776 1152 sunt
797 1097 826 1152 et
843 1089 931 1151 risui
946 1088 1062 1172 dipna.
1095 1089 1195 1174 Ergo,
1209 1089 1285 1154 licet
1299 1088 1429 1176 Moyses

307 1109 453 1252 sitiieet
466 1171 581 1236 Petrus
596 1173 673 1236 autb
688 1171 809 1238 Paulus
825 1171 875 1252 sit,
890 1171 925 1234 in
939 1171 1074 1236 nibilum
1092 1173 1299 1259 deputabitur
1314 1185 1431 1238 cuncta

308 1277 418 1320 eorum
435 1253 559 1340 absquo
572 1255 645 1320 Deo
668 1256 837 1342 sapientia,
859 1277 958 1340 aquo
980 1267 1029 1320 est
1051 1259 1154 1321 omnis
1177 1258 1302 1338 modus,
1325 1259 1433 1322 omnis

307 1361 392 1424 spes,
415 1340 518 1402 omnis
541 1339 630 1420 ordo,
652 1342 755 1404 omnis
778 1341 901 1424 species
923 1349 955 1404 et
976 1342 1080 1406 omnis
1102 1342 1233 1406 iustitia.
1267 1341 1333 1407 Sed
1356 1363 1428 1406 con·

306 1422 490 1488 valescente
511 1423 623 1508 iniqua
638 1424 877 1506 consuetudine,
898 1424 951 1487 hic
970 1447 1059 1489 error
1079 1435 1243 1512 tamquam
1265 1425 1320 1490 lex
1341 1427 1429 1512 apud

307 1529 363 1572 eos
385 1516 433 1571 est
454 1506 648 1590 custoditus3
672 1507 712 1572 de
735 1508 885 1606 qualibus
906 1507 1019 1574 scribit
1035 1509 1228 1574 Cassianus³
1252 1510 1294 1576 ad
1317 1510 1429 1576 Casto-

306 1613 375 1656 rem
403 1592 592 1677 episcopum
620 1593 652 1655 in
680 1591 770 1658 libns
797 1592 838 1656 dc
859 1591 979 1677 regulis
1001 1593 1231 1658 monachorum
1253 1608 1285 1659 et
1306 1595 1429 1660 institu-

307 1674 459 1740 tionibus.
514 1691 603 1755 Multi,
633 1677 748 1762 inquit,
775 1709 827 1758 per
855 1691 977 1744 diuersas
1007 1693 1127 1761 reqiones
1153 1711 1204 1759 pro
1235 1693 1346 1745 arbitrio
1371 1711 1431 1758 suo,

154 1771 220 1812 Rom.
229 1771 264 1823 10,
275 1773 295 1812 t.
308 1765 432 1817 babentes
451 1765 565 1830 quiden,
585 1771 615 1815 ut
630 1769 765 1833 apostolus
782 1765 829 1829 ait,
848 1763 1029 1830 assentiret,
1049 1767 1096 1818 sed
1115 1785 1169 1818 non
1187 1768 1331 1819 seeundum
1345 1767 1429 1818 scien-

308 1836 382 1903 tiam,
401 1837 520 1890 diuersas
532 1839 623 1891 modos
637 1858 669 1892 ac
681 1841 788 1907 reputas
807 1837 908 1890 sibimet
926 1839 1124 1904 constituerant,
1144 1847 1168 1892 et
1187 1847 1223 1891 tot
1236 1841 1428 1906 propemodum

307 1912 416 1978 repulus
441 1921 503 1963 sunt
531 1919 686 1978 usurpatae,
718 1919 780 1978 quot
805 1911 884 1962 etiam
910 1912 1073 1964 monasteria
1101 1914 1233 1978 cellaeque
1264 1921 1430 1966 constructae

308 1991 387 2046 sunt;
424 1985 535 2050 ideoque
568 1995 684 2049 constat,
722 1987 771 2037 bas
807 1985 975 2037 diversitates
1003 2003 1057 2052 per
1089 1987 1245 2052 prouincias
1283 1996 1429 2054 usurpatas

309 2075 372 2121 esse,
398 2058 464 2123 quio
485 2058 598 2109 necdum
624 2059 757 2111 semiorum
781 2058 992 2112 institutionibus
1018 2061 1124 2124 eruditi,
1155 2059 1298 2112 nescientes
1322 2059 1430 2127 quidem

308 2133 428 2183 ordinem
457 2131 629 2196 disciplinae,
662 2129 830 2184 monasteriis
854 2148 980 2196 praeesse
1003 2133 1138 2198 festinant
1166 2143 1190 2185 et
1219 2134 1326 2186 abbates
1354 2143 1432 2186 ante-
1491 2135 1498 2142 “

309 2221 389 2270 quam
417 2203 543 2269 discipuli
571 2205 643 2269 quod
669 2205 772 2256 libitam
792 2203 882 2270 suerit
910 2205 1047 2257 obseruari
1074 2207 1226 2268 decernunt,
1251 2205 1432 2274 promptiores

308 2294 417 2328 suorum
435 2275 602 2328 inventorum
622 2278 726 2345 eripere
745 2276 901 2340 custodiam,
926 2295 1006 2344 quam
1026 2281 1206 2332 examinatam
1224 2282 1355 2332 maiorum
1374 2297 1430 2332 ser-

308 2376 372 2410 oare
392 2357 549 2410 doctrinam.
587 2358 676 2426 Super
694 2360 744 2411 bac
762 2377 800 2424 re,
823 2345 939 2430 inquii,
960 2361 1015 2413 oiri
1033 2369 1057 2412 et
1075 2359 1132 2412 uita
1150 2363 1249 2414 nobiles
1268 2371 1293 2414 et
1311 2379 1432 2414 sumone

308 2432 467 2497 scientiaque
481 2433 619 2496 praeclari
637 2435 722 2484 multa
739 2433 794 2484 iam
813 2437 940 2500 opuscula
959 2435 1135 2497 desudarunt,
1155 2445 1276 2488 sanctum
1294 2436 1432 2487 Basiliam

308 2511 333 2557 et
357 2505 550 2570 Hieronymum
578 2505 637 2557 dico
666 2505 784 2572 aliosque
812 2511 964 2572 nonnullas,
993 2524 1105 2573 quorum
1133 2517 1208 2560 tenor
1235 2509 1431 2561 sciscitantibus

300 2579 438 2644 fratribus
457 2595 538 2644 super
557 2578 669 2630 diversis
688 2577 815 2631 institutis
834 2583 876 2632 uel
893 2581 1092 2648 quaestionibus
1110 2599 1165 2632 non
1184 2583 1269 2634 solum
1279 2582 1431 2648 sacsmdia,

307 2667 399 2704 uerum
425 2651 501 2704 etiem
521 2652 686 2704 Divinarum
705 2651 908 2718 Scripturarum
936 2654 1091 2706 testimoniis
1116 2655 1220 2720 eopiosa
1245 2673 1363 2708 sannone
1387 2673 1428 2709 re-

308 2734 427 2800 spondet.
458 2718 554 2784 Unde
571 2729 602 2785 et
616 2721 734 2807 legitur
755 2723 789 2784 in
803 2721 1032 2786 Ecclesiastioa
1046 2721 1211 2786 Historia⁴
1230 2723 1269 2788 de
1285 2725 1430 2809 priorum

307 2811 435 2886 patrum
464 2804 673 2888 temporibus,
699 2803 861 2891 quomodo
890 2808 1075 2872 restiterunt
1099 2805 1185 2893 lupis
1212 2809 1303 2894 gregi
1329 2807 1430 2872 domi-

307 2887 381 2949 nico
411 2886 649 2970 insidiantibus,
676 2891 730 2974 qui
759 2910 846 2952 nuno
871 2889 945 2976 plus
967 2889 1134 2955 abundant
1154 2892 1225 2956 istis
1247 2893 1430 2957 novissimis

308 2967 434 3032 diebus·
477 2986 565 3052 Iyitur
586 2986 714 3050 hereticis,
733 2973 847 3058 inquit,
871 3007 920 3056 per
939 3009 1039 3042 monem
1058 2991 1144 3042 meum
1167 2989 1333 3044 zinaniorum
1351 2993 1429 3043 modo

304 3075 379 3122 pura
397 3059 472 3109 uerbi
488 3059 542 3110 Dei
561 3061 663 3112 semina
680 3063 876 3114 maculantibus
896 3073 920 3116 et
933 3081 1011 3116 areas
1026 3063 1185 3130 apostolieae
1198 3065 1335 3118 doetrinae
1351 3066 1431 3116 adul-

308 3130 397 3182 terina
416 3129 573 3184 admistione
591 3134 781 3198 polluentibus,
806 3153 838 3188 ee
862 3139 934 3188 omni
952 3143 1032 3203 porte
1057 3138 1204 3192 sacerdotes
1223 3138 1333 3196 Domini
1356 3139 1430 3190 uelut

308 3201 447 3271 oipilantes
467 3205 598 3272 apricolae
618 3212 737 3259 excutere
757 3217 781 3260 et
799 3226 949 3277 enpurpare
968 3227 1057 3262 earum
1075 3213 1148 3262 mals
1163 3213 1265 3262 semina
1277 3211 1430 3263 nitebantur

309 3285 333 3328 et
346 3285 474 3342 tanquam
492 3279 597 3330 solliciti
604 3289 729 3345 pastores
748 3281 906 3335 insidiantes
920 3285 995 3350 liqeos
1012 3285 1136 3352 preqibus
1150 3283 1250 3336 Obristi
1269 3285 1429 3336 elamoribus

308 3350 390 3402 simul
406 3350 671 3420 immolationibusque
690 3356 824 3419 repellere,
845 3359 1030 3409 commonendo
1043 3358 1157 3422 fratres,
1175 3359 1342 3419 instruendo,
1366 3359 1429 3409 sori·

309 3423 393 3476 bendo
419 3425 498 3476 etiam
524 3427 598 3494 lonqe
611 3425 717 3494 positis,
736 3427 816 3494 ipsas,
842 3429 927 3481 sicubi
945 3449 1034 3482 caram
1053 3431 1294 3496 deprehendissent,
1313 3432 1343 3482 in
1362 3449 1429 3482 com-

308 3497 384 3548 muni
406 3501 578 3566 perurpendo
608 3509 631 3552 et
657 3501 797 3552 uerborum
826 3503 968 3556 luctamine
992 3521 1023 3554 ac
1048 3504 1259 3569 disputationum
1287 3505 1429 3557 certamine

303 3573 506 3635 prosternendo,
532 3572 580 3624 alii
604 3575 683 3626 etiam
705 3575 819 3640 posteris
845 3579 1013 3641 consulendo,
1033 3577 1199 3644 quaestiones
1218 3595 1308 3630 eorum
1328 3585 1352 3630 ct
1367 3595 1429 3644 per-

308 3667 399 3702 versas
412 3653 566 3706 abiectiones
580 3655 658 3708 editis
675 3657 866 3708 connnentariis
882 3660 1055 3725 confutando.
1083 3645 1171 3709 Hine
1187 3645 1285 3708 eiiam
1300 3656 1431 3710 sanctus

307 3717 374 3782 Leo
402 3731 523 3805 papa⁶t
547 3739 610 3789 Non
628 3747 673 3802 est,
693 3725 808 3810 inquit,
830 3741 935 3792 omnino
946 3743 1101 3808 ferendum,
1125 3739 1194 3796 seat
1208 3744 1337 3812 profanis
1356 3761 1430 3796 erro-

308 3924 332 3977 s)
348 3927 381 3966 tta
396 3928 494 3979 Bened.,·
508 3930 570 3978 qaod
586 3931 617 3970 sit
633 3935 653 3972 1.
714 3930 738 3984 b)
755 3936 781 3973 ut
797 3935 817 3974 1.
877 3931 899 3986 a)
916 3935 1096 3976 aemulationem
1117 3936 1177 3986 Vale.
1239 3936 1263 3990 d)
1279 3939 1300 3978 st
1314 3939 1365 3979 Leo.

311 4103 338 4172 1)
358 4105 458 4158 Beusd.
478 4107 546 4174 Rog.
566 4125 590 4160 o.
611 4108 636 4162 2.
712 4110 739 4175 2)
759 4111 862 4164 Locum
881 4130 935 4164 non
953 4116 1054 4166 inveni.
1129 4113 1159 4180 b)
1179 4115 1256 4168 Ossa.
1275 4115 1322 4167 lib.
1335 4115 1375 4170 11.
1395 4116 1430 4167 do

309 4180 438 4232 canonico
457 4187 578 4233 nocturn.
599 4185 711 4236 oration.
731 4191 758 4236 st
773 4186 899 4253 psalmos.
920 4189 999 4238 modo
1020 4204 1043 4242 o.
1058 4188 1083 4240 2.
1103 4189 1128 4239 3.
1204 4186 1234 4256 4)
1255 4188 1297 4240 cf.
1317 4189 1430 4240 Eusobii

307 4253 467 4377 Hisbtbgccl.
487 4255 536 4316 IV,
551 4256 594 4308 22.
612 4257 656 4308 23.
714 4259 741 4323 b)
761 4261 880 4312 Decreta
898 4261 998 4313 Leonis
1018 4263 1053 4313 sd
1072 4261 1219 4326 Turibium,
1238 4259 1351 4314 Hinsch.
1371 4261 1391 4315 l.
1405 4279 1430 4316 c.

307 4343 334 4391 p.
410 4365 416 4376 .
