3116 4822
287 395 324 444 at
472 395 522 444 DF
541 395 699 446 UNITATE
719 395 924 447 necessita*
945 395 1223 450 CONSFRVANDA.

287 561 487 645 miserabilis,
516 563 659 648 inquam,
688 563 833 628 confusio
864 586 971 628 rerum
994 563 1198 631 convalescat
1218 566 1303 632 facta
1325 591 1411 632 nunc

312 669 346 710 er
368 645 556 712 christianos
576 647 611 710 in
632 645 777 728 ecclesia,
801 648 971 713 describit¹
1000 648 1053 713 ille
1075 670 1171 736 saepe
1198 651 1303 716 dictus
1325 675 1412 738 papa

321 729 487 812 ddebrant,
509 753 619 879 reffiem
635 732 834 795 Francorum
855 743 932 796 tunc
948 733 1053 814 etiam,
1076 755 1161 798 nuno
1182 735 1410 821 imperatorem

287 816 513 897 Romanorum,
530 837 548 878 c
571 816 721 879 ristianae
735 814 815 900 legis
831 838 900 880 esse
917 826 1178 902 contemptorem,
1201 817 1410 884 ecclesiarum

284 899 434 964 videlieet
454 910 550 986 atque
565 899 691 985 imperii
705 899 936 964 destructorem
956 909 1053 986 atque
1067 901 1279 966 hereticorum
1300 916 1409 970 aucto-

286 1007 355 1048 rem
376 994 408 1048 et
429 992 690 1065 consentaneum,
715 1005 754 1046 ac
775 1005 834 1068 pro
858 995 945 1050 terea
966 1008 986 1048 a
1007 1007 1041 1048 se
1063 1008 1136 1050 eum
1158 986 1256 1051 fuisse
1279 1011 1408 1053 excom-

286 1069 494 1133 municatum.
538 1068 606 1132 Nos
628 1077 735 1131 autem
757 1089 818 1130 oon
844 1068 948 1132 dimus
971 1067 1104 1132 meliora
1125 1069 1165 1133 de
1187 1092 1226 1134 eo
1248 1081 1280 1136 et
1301 1095 1315 1136 s
1340 1095 1407 1137 era-

286 1173 358 1215 mus
379 1153 413 1215 in
435 1153 517 1234 Deo,
540 1162 576 1216 ut
597 1152 704 1236 potius
726 1151 767 1214 sit
789 1151 980 1217 christianae
1001 1151 1081 1236 legis
1103 1162 1236 1236 amator,
1259 1094 1407 1221 ecclisia-

285 1259 357 1299 rum
379 1247 411 1300 et
429 1237 557 1322 imperii
577 1235 725 1299 defensor
746 1244 777 1298 et
801 1236 1014 1300 hereticorum
1034 1246 1131 1322 atque
1153 1239 1408 1305 scismaticorum

285 1320 474 1401 destructor,
503 1321 529 1383 si
556 1341 615 1404 pro
644 1319 857 1382 contentionis
880 1339 955 1384 suae
978 1331 1009 1385 et
1031 1321 1146 1384 erroris
1169 1326 1407 1407 perseverantia

286 1425 397 1466 eorum
428 1425 493 1467 non
521 1403 662 1488 potuerit
693 1401 763 1466 fieri
795 1413 965 1468 corrector.
1023 1418 1104 1472 Omne
1132 1421 1210 1484 cutm,
1239 1424 1311 1487 quod
1338 1425 1405 1477 tee-

281 1501 461 1568 preheaaibile
492 1509 537 1566 eet,
572 1501 703 1553 catholico
736 1502 856 1566 defendit
887 1503 1008 1567 ecclesie,
1041 1488 1123 1553 sicut
1159 1488 1289 1553 scribit²
1321 1491 1407 1555 Mar·

287 1569 419 1634 cellinus
451 1591 494 1655 pa
518 1591 547 1634 a.
597 1569 685 1653 Ergo
720 1579 861 1653 potestas
894 1591 913 1631 a
944 1571 1017 1634 Deo
1050 1593 1203 1635 concessa
1237 1575 1406 1659 reprehen-

287 1655 375 1717 sione
397 1661 445 1716 est
466 1592 560 1738 plina
581 1653 723 1737 indigna,
746 1653 786 1717 de
809 1676 873 1739 qua
887 1653 1060 1739 apostolus,
1082 1657 1180 1718 immo
1199 1679 1261 1755 per
1278 1670 1406 1744 aposto-

124 1738 354 1803 1·1’0²r·2‚¹¹·lum
363 1738 525 1802 Dominus
540 1737 622 1801 hanc
636 1737 780 1822 regulam
791 1739 969 1802 constituit:
985 1741 1101 1820 Deam,
1118 1740 1152 1802 in
1175 1763 1275 1824 urens,
1293 1745 1406 1825 timete,

285 1846 393 1910 repom
416 1821 640 1904 honorificate,
663 1822 815 1906 quoniam
838 1831 870 1884 et
891 1820 993 1885 honor
1013 1823 1099 1908 regis
1114 1761 1269 1887 iudicium
1291 1825 1407 1911 diligit.

287 1907 352 1973 Sed
380 1906 433 1970 ille
463 1905 656 1970 Hildebrant
684 1915 816 1969 econtra
843 1905 1045 1970 inhonoravit
1071 1929 1181 1992 regem
1206 1909 1405 1974 Francorum

285 2002 317 2057 et
337 1992 502 2056 accusavit
523 2012 597 2054 eum
620 1989 753 2052 crimine
771 1989 912 2074 pessimo
934 1989 1020 2075 apud
1037 1990 1269 2055 Herimannum
1284 1994 1406 2058 Meten-

285 2099 352 2140 sem
381 2076 581 2161 episcopum,
612 2072 791 2154 intendens,
823 2075 931 2157 ipsum
961 2075 1090 2157 crimen,
1120 2097 1183 2162 quo
1216 2077 1406 2142 testificatur

285 2182 354 2224 esse
369 2182 444 2223 eum
459 2157 650 2222 christianae
664 2155 744 2240 legis
767 2166 1019 2241 contemptorem
1042 2168 1073 2222 et
1088 2157 1294 2224 eeclesiarum
1309 2172 1406 2247 atque

284 2243 412 2328 imperii
433 2242 664 2306 destructorem
687 2239 781 2302 simul
803 2249 835 2304 et
856 2239 1068 2306 hereticorum
1090 2252 1254 2308 auctorem
1277 2253 1309 2308 et
1330 2267 1404 2313 con-

284 2335 481 2404 sentaneum,
514 2323 682 2410 pervenire
714 2323 755 2386 ad
788 2324 935 2387 notitiam
967 2336 1154 2391 cunctarum
1187 2327 1405 2394 ecclesiarum.

286 2411 394 2490 Quina
408 2409 514 2494 potius
529 2407 640 2470 audiat
655 2408 757 2471 omnis
773 2405 917 2489 ecclesia,
941 2431 1037 2495 quam
1052 2432 1171 2496 magna
1186 2413 1226 2475 sit
1240 2412 1405 2495 iniustitia,

283 2515 445 2559 canonum
468 2500 671 2556 sacrosancta
691 2491 871 2575 transgredi
891 2502 1017 2574 statuta,
1040 2493 1213 2580 dequibus
1235 2495 1277 2559 ad
1292 2497 1405 2562 Iohan-

285 2600 360 2642 nem
388 2577 592 2641 Larissaeum
624 2575 812 2660 episcopum
841 2577 886 2640 ita
918 2575 1051 2642 scribit³
1083 2577 1286 2644 beatissimus
1318 2603 1406 2667 papa

284 2661 476 2747 Gregorius:
510 2675 595 2739 Haec,
625 2660 781 2744 inquiens,
818 2692 935 2727 consona
966 2675 1065 2728 sanctis
1091 2677 1218 2743 patribus
1246 2679 1405 2746 diffinitione

283 2752 427 2814 sancimus,
453 2756 491 2815 ut,
517 2749 563 2814 qai
587 2750 670 2801 sacris
695 2749 777 2801 nescit
805 2757 853 2799 eat
880 2749 1020 2800 contemnit
1047 2751 1151 2802 obedire
1176 2754 1328 2816 canonibus,
1358 2771 1406 2806 acc

283 2826 368 2878 sacris
398 2824 587 2876 administrare
614 2823 745 2873 abatibus
779 2839 827 2873 aec
855 2822 1060 2875 communionem
1090 2841 1184 2890 capere
1215 2827 1249 2876 sit
1276 2827 1404 2892 dipsas&

284 2893 372 2958 Ecce
408 2892 493 2956 enim
529 2899 734 2952 sacrosancta
766 2889 911 2952 Romana
943 2890 1079 2956 ecclesia
1109 2891 1158 2954 fas
1193 2891 1291 2958 habet
1325 2895 1407 2958 iudi-

285 2975 381 3040 candi
406 2974 447 3038 de
473 2974 561 3036 omni
582 2971 727 3036 ecclesia.
772 2971 837 3036 Sed
861 2971 1024 3037 Fabianus
1046 2995 1133 3060 papa
1150 2976 1281 3042 scribit⁵
1305 2979 1406 3041 omni-

285 3059 347 3124 bus
380 3059 555 3144 episcopis:
594 3070 702 3134 Nullus,
732 3056 890 3141 inquiens,
923 3081 1082 3138 praesumat
1114 3091 1234 3140 unquam
1266 3086 1406 3128 accrwutcr

285 3165 339 3201 erae
365 3148 446 3198 simul
467 3155 491 3198 et
515 3145 598 3198 iudea
623 3150 647 3194 et
672 3143 751 3208 tectis,
776 3146 902 3212 quonium
926 3147 955 3196 ia
980 3147 1051 3196 omni
1069 3145 1168 3198 iudicio
1194 3157 1319 3213 quattuor
1339 3167 1405 3214 per-

284 3239 365 3274 sonae
396 3236 499 3272 necesse
530 3227 566 3270 eat
595 3233 697 3281 semper
726 3219 832 3282 adesse,
862 3217 892 3270 id
916 3227 953 3270 est
977 3219 1077 3271 iudices
1108 3222 1206 3284 electos,
1238 3231 1404 3274 accusatores

283 3299 423 3365 idoaeoab,
440 3303 590 3367 defensores
604 3293 752 3365 eonyrnosb
767 3306 846 3366 atque
859 3296 1005 3367 lepitimoab
1020 3304 1125 3355 terreat.
1155 3287 1283 3352 ludices
1295 3298 1404 3353 autem

285 3396 305 3436 a
329 3381 382 3435 ent
406 3369 631 3453 inaequitate,
661 3376 757 3430 testes
779 3369 813 3430 in
835 3370 977 3450 veritate,
1003 3380 1206 3436 accusatores
1228 3374 1404 3438 intentione

284 3395 327 3520 ad
341 3451 600 3539 amplificandam
615 3471 755 3531 causam,
772 3451 955 3516 defensores
967 3455 1191 3520 extenuatione
1206 3455 1247 3520 ad
1261 3459 1405 3521 minuen-

284 3539 360 3602 dam
389 3558 530 3600 causam.
573 3534 665 3614 Quae
694 3555 768 3597 cum
798 3533 961 3601 observari
987 3535 1109 3602 soleant
1130 3540 1163 3603 in
1185 3542 1405 3606 saecularibus

285 3643 414 3709 quoque
435 3619 574 3701 iudiciis,
595 3640 700 3681 nonne
722 3617 821 3683 multo
844 3621 947 3704 magis
969 3619 1088 3686 debent
1102 3625 1265 3689 observari
1287 3626 1321 3688 in
1343 3625 1406 3689 dis-

284 3704 497 3792 positionibus
519 3701 767 3768 ecclesiasticis?
803 3703 897 3767 Unde
915 3704 1010 3785 idem,
1033 3707 1088 3792 qui
1110 3731 1217 3794 supra,
1239 3709 1405 3774 Fabianus

284 3810 385 3876 papa:
409 3803 440 3855 Si
457 3803 487 3854 ia
504 3803 591 3864 rebus,
610 3785 745 3871 inquit',
767 3803 948 3853 saecularibus
965 3821 1041 3855 saum
1061 3807 1154 3873 cuique
1173 3807 1216 3858 ius
1236 3816 1260 3858 et
1273 3809 1406 3874 proprias

284 3880 349 3932 crdo
372 3877 520 3929 servandas
546 3885 592 3938 est,
618 3882 717 3940 quanto
743 3877 827 3942 asapia
846 3874 874 3926 in
894 3876 1073 3929 ecclesiasticis
1092 3881 1308 3946 dispositionibus
1327 3883 1405 3934 atella

284 4025 308 4077 a)
325 4026 386 4073 Quid
403 4023 525 4074 13emead.
542 4021 632 4064 setara.
694 4020 717 4072 b)
734 4023 790 4060 deest
805 4023 866 4072 apud
881 4023 1012 4064 Fabianum.

287 4148 314 4214 1)
343 4147 413 4198 suffe
445 4146 465 4198 l.
490 4162 514 4198 c.
540 4163 566 4212 p.
587 4143 651 4195 458.
744 4145 771 4206 2)
805 4147 958 4200 Marcellini
984 4151 1060 4216 epist.
1087 4152 1207 4204 secunda
1232 4169 1255 4204 c.
1276 4153 1301 4215 3,
1337 4152 1404 4201 Hin-

284 4223 374 4272 Sclllus
400 4239 426 4286 p.
442 4219 503 4270 222.
597 4215 626 4283 3)
652 4217 733 4282 Greg.
754 4234 815 4285 epp.
842 4222 894 4286 HI,
915 4222 941 4274 7.
1035 4225 1063 4289 4)
1090 4225 1130 4276 Cf
1150 4227 1258 4276 Petrum
1279 4225 1405 4276 Crassum

285 4295 417 4357 (Sudend.
430 4295 497 4357 Reg.
516 4294 538 4354 1,
558 4308 584 4357 p.
598 4291 654 4355 40).
715 4289 744 4353 5]
763 4295 879 4347 Fabiani
899 4297 1010 4347 decreta
1029 4298 1101 4364 apud
1120 4299 1280 4350 Hinschium
1300 4315 1329 4364 p.
1344 4299 1406 4351 165.

285 4365 314 4430 6)
336 4367 376 4417 Of.
396 4366 539 4416 Widonem
564 4365 677 4425 Ferrea,
703 4364 751 4414 SS.
769 4369 833 4432 XII,
859 4388 885 4435 p.
902 4369 963 4421 173.
1040 4373 1066 4435 t)
1092 4372 1209 4422 Fabiani
1228 4373 1338 4423 decreta
1363 4389 1407 4440 ap.

285 4439 445 4490 Hinsohium
465 4456 492 4504 p.
509 4438 570 4488 162.
591 4443 618 4486 et
639 4437 699 4486 163.
