3114 4814
327 405 379 454 DE
397 405 557 456 UNITATE
576 405 781 459 ECOLESIAE
804 407 1082 460 consueverint.
1230 408 1266 458 86

141 571 273 636 Dicitur
302 572 389 635 enirn
415 593 474 656 per
495 571 626 638 beatum
648 574 719 656 Iob,
746 584 911 662 gerentem
933 575 1056 641 scilicet
1077 585 1193 662 typum
1214 576 1268 642 vel

146 655 267 721 Christi
281 654 333 722 vel
347 655 516 721 ecclesiae:
535 655 605 722 Alii
619 661 773 725 taurinos
787 660 1036 741 transtulerunt,
1052 661 1268 746 diripuerunt
1277 685 1326 728 ros.
1338 687 1407 742 ses.

144 761 259 889 preffis
285 750 315 805 et
337 751 508 826 paverunt
536 764 598 810 eos.
643 743 737 808 Unde
767 756 897 810 sanctus
917 754 1010 829 pater
1033 743 1211 830 Gregorius
1232 747 1268 810 in

146 825 196 891 16.
248 823 401 889 orallumt
425 840 505 906 Quas,
524 827 657 912 lnqull¹,
675 843 791 894 aliorum
802 843 908 896 nomine
926 843 982 894 nesi
992 843 1118 896 hereticos
1136 845 1267 912 designat,

145 915 193 980 qui
211 933 230 966 a
247 921 357 967 sanctae
377 916 500 968 ecclesiae
523 917 622 982 premio
642 917 763 968 eutranei
787 916 923 970 esistunt?
963 916 1023 982 Ipsi
1047 917 1116 968 enim
1142 919 1270 971 terminos

143 989 321 1055 mansferunt,
339 988 405 1054 quia
424 989 620 1042 emistitutianes
634 999 746 1056 patrum
759 990 978 1056 praevaricando
994 991 1192 1046 truserendunt.
1225 991 1269 1045 De

143 1061 240 1130 cutha
259 1061 387 1114 nimirum
405 1061 632 1116 constitutionibus
650 1063 839 1130 scriptumest:
858 1064 911 1115 ‘Ne
924 1063 1132 1130 transgrediaris
1145 1065 1435 1128 terminosProv.ti,28.
1530 1073 1532 1116 J

144 1143 277 1209 antiquos,
302 1154 532 1210 praeposuerunt
552 1153 645 1212 patres
670 1146 725 1197 tui'.
766 1145 820 1207 Qui
837 1163 937 1214 prepes,
955 1131 1071 1216 inquii,
1092 1145 1225 1213 diripiunt
1245 1155 1269 1199 et

138 1225 266 1284 pascunt,
286 1217 351 1283 quia
369 1217 503 1284 imperitas
522 1236 639 1284 quosque
653 1219 788 1286 perversis
815 1220 852 1270 ad
874 1237 902 1272 se
916 1219 1138 1286 persuasionibus
1157 1219 1269 1272 trabsmt

143 1307 170 1353 et
188 1297 317 1351 doctrinis
333 1300 468 1368 pestiferis
488 1303 525 1353 ad
543 1301 753 1368 interficiendum
771 1300 902 1354 nutriunt.
940 1288 1049 1373 Atque
1075 1287 1163 1352 idem
1188 1288 1268 1352 Gre-

142 1367 276 1454 gorius¹
297 1368 331 1432 in
346 1368 483 1452 epistola
501 1369 543 1434 ad
558 1367 742 1454 Eulogium,
765 1368 981 1454 patriarcham
997 1369 1269 1436 Alexandrinum:

143 1465 232 1530 Meus,
251 1451 365 1538 lnquit,
388 1467 473 1520 bonor
485 1473 522 1519 est
541 1467 642 1519 solidus
654 1469 729 1535 viper
740 1467 865 1534 fratrum
878 1486 996 1522 mearum
1015 1478 1039 1522 et
1052 1479 1114 1522 tunc
1127 1486 1172 1537 epo
1186 1471 1268 1522 bono·

143 1557 220 1601 ratus
243 1567 311 1612 sum,
336 1568 396 1601 cum
420 1547 532 1617 singulis
551 1549 697 1618 quibusque
722 1549 807 1601 bonor
826 1549 929 1602 debitus
948 1570 1003 1603 nan
1021 1561 1144 1620 repatur.
1181 1537 1269 1602 Hinc

143 1617 241 1683 etiam
263 1628 296 1682 et
311 1616 461 1682 Gelenius
475 1638 574 1702 pape:
596 1631 677 1694 Absit
689 1632 745 1695 bos,
764 1617 879 1702 inquit,
902 1633 971 1684 absis
990 1651 1007 1684 c
1018 1634 1145 1700 flactibus
1159 1635 1206 1687 tos
1219 1636 1271 1690 sibi

144 1708 211 1760 belle
229 1708 381 1774 quempiam
395 1707 523 1773 arripere,
543 1707 615 1758 unde
634 1703 759 1756 videatur
777 1707 901 1758 bonorem
913 1706 1037 1771 fratrum
1055 1723 1164 1759 suorum
1182 1708 1268 1760 immi·

143 1805 225 1842 nuere
245 1807 278 1841 en
297 1790 532 1856 quantulacunque
546 1797 635 1855 parte.
670 1771 746 1856 Sed,
769 1775 851 1838 sicut
869 1795 969 1859 supra
990 1773 1111 1838 (lictum
1134 1784 1192 1858 est,
1214 1775 1269 1840 alli

142 1857 297 1922 terminos
319 1856 551 1922 transtulerunt
572 1866 604 1921 et
625 1856 666 1920 ad
689 1866 909 1944 contemptum
931 1867 1026 1943 atque
1054 1858 1096 1924 ad
1117 1860 1269 1924 iniuriam

143 1939 463 2026 metropolitanorum
485 1961 613 2039 quoque
635 1941 862 2028 episcoporum
883 1943 917 2004 in
939 1941 1117 2027 parrochiis
1131 1943 1186 2007 Mo
1257 1983 1268 1994 -

142 2025 208 2090 tiae
230 2024 325 2090 simul
346 2035 378 2090 et
393 2023 547 2092 Colomse
569 2023 786 2092 ordinationes
807 2026 871 2090 sibi
891 2036 1139 2111 usurpaverunt.
1172 1966 1267 2094 dide

144 2108 317 2176 Callistus³
346 2109 438 2174 urbis
469 2109 593 2174 Romae
625 2110 798 2196 episcopus
832 2110 991 2174 universis
1023 2111 1201 2196 episcopis:
1235 2127 1269 2180 St

144 2199 205 2267 quis
228 2199 446 2267 metropolitanus
472 2199 619 2268 episcopus,
644 2200 700 2252 nisi
723 2202 794 2267 quod
818 2201 855 2252 ad
879 2217 957 2251 suam
975 2201 1137 2253 solummodo
1150 2199 1269 2268 pertinet

140 2274 316 2341 parrochiam
327 2274 478 2340 propriam,
496 2273 553 2324 sine
565 2273 674 2326 consilio
693 2281 717 2326 et
729 2277 863 2326 uoluntate
876 2273 992 2326 omnium
1006 2274 1269 2340 comprovincialium

145 2347 328 2414 episcoporum
340 2355 418 2398 entra
431 2347 534 2413 aliquid
554 2363 631 2415 apere
646 2348 819 2413 temptaverit,
837 2347 940 2416 padus
959 2345 1003 2398 sui
1013 2347 1134 2412 periculo
1147 2349 1267 2401 subiace·

145 2430 191 2495 bit,
209 2438 234 2482 et
251 2431 323 2496 quod
342 2430 422 2498 egerit
439 2429 546 2480 irritam
564 2429 695 2480 babeatur
713 2437 737 2482 et
753 2447 876 2482 vacuum.
908 2413 953 2478 Ei
965 2414 1081 2479 lterum
1098 2413 1138 2482 (le
1153 2413 1266 2481 eadem

143 2519 181 2562 re
202 2495 370 2563 Callistus:
393 2513 493 2564 Nullus
507 2512 622 2577 primas,
640 2512 731 2562 nullus
753 2513 970 2578 metropolitauus
988 2514 1130 2579 nullusque
1151 2514 1266 2580 reliquo·

143 2601 206 2640 rum
229 2587 411 2654 episcoporum
434 2586 545 2637 alterius
564 2587 644 2636 adeat
662 2584 794 2637 ciuitatem
818 2594 865 2638 aut
884 2587 922 2637 ad
935 2586 1129 2652 possessionem
1148 2589 1269 2652 accedat,

145 2678 215 2729 quae
244 2662 281 2712 ad
305 2677 365 2714 eum
392 2677 446 2712 ποπ
470 2659 586 2725 pertinet
611 2664 636 2710 et
655 2657 765 2709 alterius
786 2657 902 2725 episcopi
927 2665 983 2710 ests
1004 2660 1162 2725 parrochia,
1186 2677 1268 2726 serper

144 2734 301 2801 cuiusquam
327 2733 508 2800 disparitione,
531 2731 585 2784 nisi
607 2737 715 2782 uocatus
741 2731 775 2782 ab
795 2748 833 2795 eo,
853 2729 929 2782 cuius
947 2730 1015 2782 iuris
1035 2748 1090 2784 esse
1109 2732 1266 2798 dinoscitur,

76 2827 83 2832 ·
144 2817 175 2860 ut
195 2807 330 2874 ,quiddam
354 2805 393 2858 ibi
417 2806 544 2872 disponat
566 2805 611 2856 uel
627 2803 731 2856 ordinet
751 2812 798 2856 aut
816 2803 923 2866 iudicet,
943 2804 969 2855 si
986 2804 1030 2855 sui
1045 2805 1149 2872 prades
1168 2806 1267 2858 bonore

140 2881 227 2949 potiri
244 2879 373 2944 column
392 2879 435 2931 sin
454 2879 533 2930 aliter
546 2877 765 2945 praesumpserit,
786 2877 968 2941 damnabitur,
994 2886 1019 2929 et
1037 2896 1091 2929 non
1110 2878 1194 2930 solum
1212 2879 1266 2944 iile,

143 2955 191 3010 sed
219 2961 388 3020 cooperantes
416 2953 491 3018 eique
519 2951 715 3015 consentientes,
741 2951 814 3017 quia,
838 2951 906 3003 sicut
924 2951 1067 3016 ordinatio,
1090 2949 1129 3002 ita
1154 2945 1214 3004 cui
1244 2959 1269 3004 et

142 3035 272 3090 iudicatio
298 3043 322 3088 et
348 3034 466 3087 aliarum
489 3051 580 3086 rerum
602 3033 739 3102 dispositio
757 3032 924 3100 prohibetur.
962 3019 1007 3082 Et
1027 3027 1066 3084 ut
1084 3019 1267 3106 metropoli-

142 3105 226 3172 tanis
252 3125 311 3169 sue
337 3105 408 3169 iura
436 3110 612 3184 serventur,
642 3103 690 3166 sic
710 3102 806 3166 etiarn
827 3100 915 3167 Leo⁴
936 3123 1034 3190 pape,
1054 3103 1139 3169 inter
1160 3113 1268 3170 cetera

144 3188 300 3271 scribenti,
322 3187 478 3274 loquitur:
502 3201 654 3254 Secundum
672 3211 823 3253 sanctorum
838 3207 949 3266 patrum
969 3219 1085 3254 canones
1103 3200 1200 3268 spiritu
1214 3202 1269 3255 Dei

145 3278 265 3333 conditos
293 3283 319 3330 et
346 3278 426 3329 totius
449 3275 544 3328 mundi
570 3274 721 3327 reuerentia
749 3283 914 3326 consecratos
938 3277 1152 3341 metropolitanos
1177 3275 1267 3343 singu-

145 3354 234 3406 larum
255 3351 459 3418 prouinciarum
494 3349 627 3415 episcopos
658 3348 700 3399 ius
729 3347 845 3399 traditae
875 3346 925 3398 sibi
954 3349 1100 3414 antiquitus
1128 3348 1267 3415 dignitatis

143 3428 329 3480 intemeratum
347 3424 453 3487 babere,
473 3423 648 3485 decernimus,
669 3420 708 3472 ita
734 3429 762 3472 ut
783 3439 801 3470 a
818 3419 988 3490 regularibus
1002 3421 1171 3487 praestitutis
1189 3423 1268 3473 nulla

145 3517 193 3562 aut
211 3507 372 3577 negligentia
392 3513 439 3558 aut
452 3504 672 3573 praesumptione
691 3503 838 3556 discedant.
871 3487 963 3568 Quae
986 3509 1059 3552 cum
1081 3489 1128 3552 lla
1149 3489 1215 3554 sini
1236 3499 1267 3553 et

141 3577 197 3642 elii
223 3578 279 3662 qui
308 3574 460 3640 dicuntur
480 3571 614 3639 heretici
639 3571 792 3636 terminos
817 3571 1046 3653 transtulerint,
1073 3593 1149 3638 ecce
1177 3573 1267 3660 apud

143 3664 232 3748 ipsos
261 3661 317 3747 qui
346 3669 421 3724 sunt
445 3655 603 3724 eiusmodi
630 3655 817 3719 scribuntur
845 3677 915 3722 esse
943 3665 1054 3720 sancte
1075 3657 1140 3721 Dei
1162 3679 1268 3723 sacer-

142 3746 241 3826 dotis,
269 3755 303 3810 et
328 3743 416 3830 apud
444 3741 574 3808 eosdem
603 3737 805 3805 solummodo
833 3740 893 3804 rite
916 3739 1070 3806 celebrari
1092 3740 1212 3807 Christi
1235 3751 1267 3806 et

143 3827 298 3896 ecclesiae
331 3835 543 3908 sacramente,
576 3833 612 3888 ut
643 3824 706 3909 ipsi
737 3825 904 3910 imperitos
931 3847 1087 3912 quosque,
1119 3827 1174 3914 qui
1203 3825 1265 3890 sub

142 3912 272 3980 nomine
299 3934 435 3999 gregum
462 3933 522 3998 per
550 3907 681 3974 beatum
710 3907 770 3973 Iob
797 3907 1014 3996 designantur,
1040 3910 1202 3994 perversis
1224 3909 1266 3977 ad

143 4123 167 4178 s)
182 4125 215 4165 ita
230 4124 333 4173 Hinscb.,·
349 4124 421 4166 stium
438 4125 460 4163 1.
515 4119 539 4172 b)
554 4121 604 4161 sius
621 4120 642 4162 1.

146 4293 173 4356 1)
203 4291 328 4356 Gregorii
354 4292 445 4358 Opere
473 4291 503 4356 I,
533 4307 560 4356 p.
581 4289 643 4339 522.
739 4283 768 4348 2)
797 4285 921 4350 Gregorii
949 4283 1089 4352 Epistulae
1108 4283 1194 4347 VIII,
1221 4283 1265 4334 29.

144 4367 172 4430 3)
191 4365 339 4416 Hinschius
359 4381 385 4431 p.
415 4363 476 4415 139.
552 4361 581 4429 4)
601 4361 671 4413 Ibid.
692 4377 718 4427 p.
740 4359 801 4409 619.
