3098 4818
424 327 545 378 nanno
563 328 613 378 nn
632 298 752 378 annno
772 327 960 378 ssxourco.
1219 329 1254 378 ss

133 495 261 560 domini
282 496 368 577 Iera,
391 506 426 560 nt
448 498 515 560 sive
537 518 593 560 vos
616 504 719 559 terror
736 497 803 558 ciri
817 497 1014 580 peccatoris,
1037 497 1133 560 cuins
1147 496 1335 582 ploriarora.

133 589 255 643 stercus
267 589 296 642 et
306 581 423 644 vermis
434 589 490 661 est,
502 580 686 644 enorbitare
687 578 782 662 fecit,
790 581 856 642 sive
858 579 1090 662 familiarium
1097 603 1257 664 persona·

132 686 209 726 rnru
222 663 347 728 rnotlita
358 665 535 750 persuasio
559 662 718 744 delinivit,
740 673 776 726 nt
790 664 931 728 redeatis
948 664 994 728 ad
1008 687 1073 742 eor,
1090 674 1125 727 nt
1139 688 1258 730 mernor

134 748 208 810 sitis
235 748 412 813 honestatis
441 758 470 812 et
497 749 623 812 timoris
645 748 793 828 Domini,
816 757 845 811 et
866 749 898 810 si
919 771 986 813 non
1009 749 1103 812 nohis
1123 759 1259 834 propter

133 854 195 896 nos
217 834 372 916 parcitis,
402 831 513 896 saltem
539 841 663 896 uestrae
692 833 899 896 innocentiae
924 834 962 896 in
989 835 1076 896 tanti
1101 835 1257 919 sanginis

133 914 291 1000 ffusione
309 918 526 1000 provideatis.
569 916 660 980 Nam
682 917 711 978 si
725 914 800 980 idos
816 916 960 1000 amplias
976 920 1012 982 in
1028 939 1088 981 nos
1102 919 1257 1002 pressari

126 1001 327 1083 permittitis,
351 1023 431 1086 quos
447 1001 620 1085 prohibere
643 999 761 1064 dehetis
782 1009 810 1084 et
825 1002 971 1084 potestis,
998 1002 1175 1065 timendum
1202 1013 1256 1085 est,

132 1106 174 1147 ne
196 1107 306 1148 coram
328 1085 412 1149 insto
428 1086 537 1150 indice
552 1085 591 1148 de
601 1085 791 1170 perditione
806 1093 921 1149 nostra
936 1087 1176 1150 accusationem
1191 1109 1257 1150 non

133 1168 291 1232 habeatis.

220 1253 290 1317 116.
345 1252 400 1316 Sic
428 1260 514 1316 totus
543 1275 645 1316 annus
673 1250 725 1316 ille
755 1255 970 1336 consumitur,
999 1262 1035 1316 ut
1062 1253 1128 1317 fere
1160 1253 1258 1317 nichil

132 1334 340 1401 memorabile
370 1335 461 1400 fieret
487 1337 520 1399 in
547 1338 665 1400 nostris
692 1335 855 1422 partibus,
884 1338 947 1401 nisi
973 1336 1060 1423 quod
1088 1338 1257 1422 apostolici

131 1417 228 1504 legati
251 1419 435 1506 frequenter
456 1419 498 1483 ad
520 1430 671 1507 utrasque
694 1431 800 1506 partes
815 1432 980 1502 venerunt,
1004 1431 1036 1485 et
1053 1443 1139 1485 nunc
1152 1423 1255 1504 nobis,

131 1526 225 1568 nunc-
240 1503 385 1568 hostibus
411 1505 527 1568 nostris
548 1503 761 1590 apostolicum
782 1505 925 1569 favorem
946 1505 1185 1592 promittentes,
1214 1505 1255 1570 ab

131 1589 276 1674 utrisque
305 1590 490 1674 pecuniam,
525 1598 676 1674 quantam
704 1599 852 1674 poterant
884 1612 972 1654 more
1000 1590 1146 1654 Romano
1183 1612 1256 1654 con-

132 1673 267 1758 quirere,
290 1693 399 1736 secum
421 1672 611 1736 detulerunt.

218 1757 287 1819 117.
330 1756 368 1819 In
390 1757 536 1841 sequenti
557 1778 634 1820 vero
656 1777 758 1837 anno,
788 1757 845 1840 qui
873 1767 940 1822 erat
968 1757 1010 1821 ab
1038 1759 1255 1824 incarnatione
1265 1785 1330 1827 roeo.

131 1838 266 1903 Domini
291 1841 381 1921 1080,
405 1862 513 1905 mense
534 1840 694 1919 Ianuario,
718 1840 888 1904 Heinricus
917 1843 1032 1905 iterum
1060 1851 1254 1926 congregato

131 1944 197 1988 non
216 1944 335 2009 parvae
357 1923 567 1988 multitudinis
590 1925 733 1988 exercitu
749 1923 924 1989 Saxoniam
945 1924 1074 1988 volebat
1094 1926 1254 2009 invadere,

130 2019 283 2093 reputans
311 2007 473 2090 Saxones,
500 2017 611 2094 utpote
639 2010 779 2094 quietem
807 2007 883 2072 dum
913 2031 981 2094 pax
1007 2018 1075 2073 erat
1101 2018 1254 2092 amantes,

130 2114 195 2156 non
222 2092 404 2179 frequentes
435 2093 523 2157 exire
544 2093 658 2158 hiemis
685 2102 838 2180 ternpore.
882 2093 1027 2157 Saxones
1049 2115 1125 2158 vero
1147 2093 1254 2158 multis

131 2177 197 2240 iam
218 2175 382 2242 laboribus
405 2179 571 2244 exercitati
594 2186 625 2242 et
644 2201 703 2264 per
717 2177 834 2242 multas
849 2177 1086 2264 inquietudines
1108 2200 1128 2241 a
1141 2199 1253 2242 somno

131 2262 247 2348 quietis
269 2263 496 2346 expergefacti,
522 2272 609 2326 totaa
630 2264 748 2327 virtute
763 2261 935 2326 studebant
949 2264 979 2327 ei
993 2262 1122 2327 obviam
1144 2265 1254 2328 venire

131 2355 163 2410 et
184 2346 253 2409 eius
275 2346 432 2430 impetum
453 2347 494 2410 ab
516 2347 680 2410 invasione
707 2347 848 2430 regionis
877 2368 954 2411 suae
982 2344 1144 2432 repellere.
1188 2347 1254 2412 Sed

130 2427 183 2493 ille
206 2428 298 2493 solita
320 2428 491 2495 ealliditate
514 2429 660 2494 Saxones
682 2429 723 2494 ab
745 2431 883 2495 invicem
911 2430 1012 2494 multa
1038 2432 1251 2516 promittendo

131 2513 292 2592 diviserat,
314 2523 350 2576 ut
370 2534 435 2576 non
456 2514 512 2578 diu
527 2525 600 2579 ante
616 2514 701 2579 diem
716 2513 830 2600 proelii
846 2514 1001 2579 Widekin
1011 2516 1034 2596 ¹³,
1052 2515 1251 2600 wiprechr,

131 2606 162 2662 et
183 2595 400 2661 Theodericus
417 2596 576 2662 (leronisd
599 2598 693 2679 filius,
715 2620 788 2662 cum
811 2597 918 2662 multis
940 2597 1011 2661 aliis
1033 2597 1252 2663 aSaxonibus

130 2681 172 2744 ad
194 2681 301 2746 hostes
323 2683 503 2763 transirent,
525 2692 557 2747 et
573 2681 772 2747 Ekkibertus
795 2682 936 2746 marchio
959 2704 1031 2746 cum
1054 2705 1112 2746 sua
1125 2681 1252 2766 legione

130 2775 262 2830 neutrae
274 2766 358 2851 parti
369 2765 536 2848 accedens,
548 2787 612 2829 non
623 2765 718 2851 longe
730 2789 749 2830 a
760 2765 991 2851 proeliantibus
1001 2765 1106 2832 lentus
1119 2767 1251 2851 sederet,

130 2860 279 2915 eventum
301 2848 376 2915 belli
398 2849 514 2915 dubius
537 2860 722 2935 expectans,
744 2863 780 2916 ut
801 2851 853 2914 eui
868 2851 952 2936 parti
967 2852 1101 2915 victoria
1116 2851 1251 2932 eederet,

129 2935 159 2999 ei
180 2933 429 3020 congratulando
452 2936 559 2999 socius
587 2933 764 2999 accederet.
806 2935 910 3019 Igitur
937 2938 1096 3000 exercitus
1124 2936 1251 3023 utrique

130 3029 348 3084 convenerunt
373 3019 407 3082 in
428 3017 498 3083 loco
522 3020 576 3106 qui
598 3017 862 3083 Flathecheim⁰·¹
884 3030 1033 3101 vocatur,
1055 3022 1154 3085 etsie
1177 3027 1310 3085 con-1⁶⁸·

130 3102 289 3183 sederunt,
311 3114 347 3167 ut
369 3105 452 3168 inter
473 3126 528 3168 eos
550 3105 646 3186 rivus,
669 3125 732 3168 non
746 3103 830 3168 latus
846 3104 976 3190 quidem
991 3103 1047 3169 sed
1062 3104 1249 3190 profundus,
1261 3087 1296 3126 ²⁷·

128 3186 306 3252 haberetur.
342 3187 455 3272 Itaque
476 3197 633 3252 nostrates
648 3187 690 3252 ad
705 3188 938 3253 defendendum
954 3190 1053 3275 partis
1072 3211 1148 3253 suae
1162 3188 1251 3254 littus

130 3258 277 3352 ordinbti,
299 3269 370 3334 illos
390 3271 433 3335 ad
455 3294 489 3336 se
511 3281 661 3336 venturos
684 3273 717 3335 in
739 3272 854 3337 declivi
876 3274 993 3337 montis
1012 3283 1193 3357 expectant,
1215 3284 1251 3337 ut

128 3355 231 3440 ipsius
253 3357 467 3440 oportunitate
488 3353 550 3419 loci
572 3357 810 3438 descendentes,
840 3356 947 3421 hostes
970 3357 1104 3442 supinos
1125 3355 1250 3420 facilius

128 3450 302 3503 retrorsum
331 3438 505 3526 impellant.
556 3441 599 3506 Et
620 3439 731 3506 Ottoni
760 3441 845 3522 duci,
873 3463 936 3526 quo
964 3442 1086 3526 primus
1131 3461 1250 3526 ugnam

130 3533 276 3587 conserat
289 3525 456 3608 imperant.
489 3523 577 3609 Ergo
593 3525 670 3590 dum
686 3527 732 3588 sic
747 3525 884 3589 ordinati
898 3535 1063 3604 nostrates,
1080 3463 1250 3589 adversum

128 3629 163 3672 se
185 3617 336 3672 venturos
350 3608 457 3673 hostes
471 3609 649 3689 attendunt,
671 3607 727 3690 illi,
751 3610 834 3674 sicut
848 3631 976 3694 semper
991 3607 1144 3690 solebant,
1167 3609 1250 3674 calli·

128 3691 226 3757 ditate
249 3694 432 3778 pugnaturi,
454 3701 581 3757 nostros
603 3694 645 3756 im
672 3695 770 3757 rovisi
792 3695 1055 3775 circumveniunt,
1078 3705 1110 3759 et
1131 3695 1208 3758 dum
1230 3716 1250 3756 a

127 3777 230 3841 fronte
261 3777 369 3840 venire
404 3787 571 3863 putantur,
604 3716 710 3842 subito
743 3786 816 3863 post
847 3787 972 3842 terum
1005 3777 1249 3877 respicientibus

128 3861 240 3926 adesse
265 3859 422 3926 videntur.
471 3861 564 3926 Tunc
594 3885 652 3926 rex
673 3861 830 3926 Rodulfus
857 3801 1000 3927 velocem
1029 3864 1116 3926 misit
1138 3861 1250 3927 Ottoni

128 3945 204 4011 duci
225 3947 382 4029 nuntium,
405 3969 463 4032 per
484 3945 593 4010 Deum
615 3947 787 4028 obtestans,
815 3957 851 4011 ut
872 3948 1022 4032 antiquae
1043 3968 1167 4010 memor
1186 3946 1249 4010 vir-

128 4125 151 4179 a)
168 4139 219 4168 eum
235 4139 289 4178 rege
305 4138 346 4168 suo
362 4127 463 4168 Rodulto
479 4130 527 4167 tota
543 4128 563 4169 8.
624 4127 649 4178 b)
666 4123 997 4179 widekint1b3widikinr.
1055 4125 1076 4180 e)
1093 4129 1210 4179 wipertus
1227 4129 1248 4168 2.

129 4187 152 4240 d)
169 4186 195 4228 G.
212 4189 302 4228 comitis
319 4189 338 4229 2.
400 4186 566 4239 e)1·⁸latechim
584 4181 622 4238 1¹²5
637 4187 787 4228 Flsdecheim
803 4190 824 4230 2.

130 4338 157 4402 1)
176 4337 325 4390 F'lareheim
338 4355 424 4404 prope
442 4336 631 4390 Mtihlhaueen.
669 4336 700 4388 P.
