3114 4814
330 367 380 418 DE
399 368 558 420 UNITATE
578 367 783 420 Eccnnsmn
807 369 1082 436 CONSERVANDA.
1214 372 1264 421 111

146 557 238 599 suam
261 544 293 598 et
308 536 477 600 comitatus
492 558 567 600 suos
589 537 630 602 ab
652 539 845 685 imperatore
866 539 997 623 recepit,
1020 539 1106 625 quod
1127 540 1161 602 in
1182 561 1266 625 pace

146 619 298 684 dimissus
309 618 399 700 abiit,
412 619 497 705 quod
533 631 639 685 ostera
651 621 702 686 die
720 633 830 706 egatos
842 644 918 686 suos
930 623 970 686 ad
982 625 1206 708 imperatorem
1218 648 1266 689 re-

145 704 243 785 misit,
255 704 311 790 qui
323 703 476 785 dicerent,
487 643 583 769 fidem
596 727 693 792 quam
704 707 794 792 prius
828 708 1003 771 remisisset
1014 709 1266 794 comprovincia-

145 787 230 852 libus
242 789 309 851 suis
326 788 509 854 Saxonibus
525 812 560 854 se
578 811 643 854 non
658 813 754 876 posse
769 729 901 873 solvere,
915 801 1054 856 ceterum
1070 793 1110 857 de
1121 793 1170 857 his
1182 815 1265 880 quae

170 873 323 958 epigisset
344 893 417 937 cum
439 873 633 959 imperatore
654 873 733 938 nihil
755 897 789 940 se
811 885 957 940 acturum
980 897 1061 941 esse.
1104 877 1175 942 Iam
1197 879 1265 963 qui-

145 895 219 1021 dem
235 957 400 1022 dimiserat
413 958 588 1044 imperator
602 960 778 1024 exercitum
795 981 886 1023 suum
901 959 1039 1046 ideoque
1060 983 1126 1025 non
1139 971 1267 1048 poterat

145 1050 224 1105 tune
245 1043 396 1127 persequi
423 1051 530 1108 tantae
557 1044 731 1130 impietatis
758 1043 854 1107 simul
881 1052 913 1108 et
933 1043 1129 1110 infidelitatis
1150 1047 1264 1110 virum.

145 1125 231 1189 Nam
241 1127 418 1210 Hartvigus
432 1135 528 1213 atque
540 1127 723 1193 Burcardus
735 1127 780 1192 illi
792 1129 1061 1215 pseudoepiscopi
1071 1129 1158 1194 haud
1171 1129 1265 1213 longe

146 1219 226 1274 tunc
242 1209 374 1274 aberant
395 1233 414 1274 a
428 1209 498 1275 loco
514 1211 734 1278 Herosfeldiae
757 1235 830 1278 cum
847 1215 913 1276 suis
928 1213 1084 1298 plurimis,
1108 1215 1174 1300 qui,
1191 1235 1264 1278 cum

146 1294 281 1359 fuissent
308 1296 431 1358 inimici
453 1297 553 1382 pacis,
576 1319 640 1360 non
662 1299 772 1384 utique
793 1296 850 1360 filii
876 1301 975 1382 pacis,
997 1307 1177 1362 averterant
1198 1299 1265 1362 ani-

146 1399 236 1442 mum
259 1379 462 1462 marchionis,
485 1403 526 1444 ne
547 1391 688 1446 servaret
709 1383 798 1467 pacis
820 1393 959 1468 pactum,
988 1381 1029 1446 ab
1052 1383 1152 1447 eisin
1175 1404 1265 1469 spem

144 1465 239 1548 regni
260 1463 427 1544 adductus,
450 1465 613 1550 quoniam,
635 1475 671 1529 ut
691 1489 750 1530 rex
771 1488 882 1531 eorum
903 1467 1028 1530 futurus
1051 1477 1143 1550 esset,
1170 1467 1264 1532 inter·

145 1548 253 1633 posita
284 1569 341 1612 sua
368 1548 432 1612 fide
453 1550 668 1634 promiserunt
689 1551 748 1615 ei¹.
791 1551 879 1616 Ecce
900 1573 959 1636 per
980 1549 1170 1616 Zachariam
1193 1572 1264 1637 pro·

144 1631 276 1718 phetam
300 1633 379 1697 dicit
393 1633 568 1697 Dominus:
591 1635 682 1698 Haec
705 1645 782 1699 sant
802 1658 878 1721 erqo
893 1636 1001 1716 verba,
1025 1635 1263 1722 qaoefociotis.

145 1717 338 1802 Loqaimiai
365 1720 589 1804 unusquisque
621 1721 787 1782 ueritatem
814 1743 885 1783 oum
903 1723 1058 1804 proximo
1082 1744 1151 1801 cac,
1179 1723 1262 1784 ocri·

145 1811 243 1866 tatem
265 1811 293 1865 et
315 1802 476 1866 iudicium
492 1805 593 1887 pacis
614 1804 760 1867 iudicate
781 1805 818 1867 ia
834 1806 944 1888 portis
965 1807 1091 1886 vestris,
1113 1815 1142 1868 et
1162 1827 1263 1868 oaus-

166 1886 425 1971 alequantolum
448 1896 563 1950 contra
586 1889 725 1951 amicum
747 1911 841 1951 suum
863 1911 903 1950 oe
926 1890 1070 1972 cogitetis
1098 1891 1135 1952 ia
1158 1889 1262 1952 cordi·

145 1909 206 2034 dus
239 1973 352 2034 vestris
385 1980 425 2042 et¹
445 1972 666 2035 iuramentum
693 1971 836 2036 mendam
865 1995 905 2035 aa
935 1971 1094 2057 dilipatis.
1143 1972 1263 2036 Omnia

145 2057 231 2118 enim
247 2055 325 2118 haec
341 2063 418 2118 sant
440 2077 522 2140 quae
540 2057 605 2136 odi,
628 2055 708 2120 dicit
724 2056 898 2120 Dominus.
933 2053 1053 2120 Contra
1072 2055 1152 2120 haee
1168 2055 1262 2120 docet

145 2137 338 2204 Hildebrant
358 2160 417 2224 per
439 2161 484 2222 se,
506 2139 601 2204 docet
622 2150 655 2204 et
674 2150 751 2224 pera
773 2140 941 2224 episcopos
963 2162 1038 2204 suos
1059 2140 1261 2205 mendacium

144 2244 204 2309 pro
218 2225 369 2305 veritate,
391 2233 423 2287 et
440 2245 500 2310 pro
517 2245 555 2287 eo
579 2222 666 2310 quod
686 2226 854 2311 praecepit
868 2223 1026 2288 Dominus
1048 2223 1107 2308 his,
1132 2225 1186 2311 qui
1201 2222 1261 2288 sub

145 2306 331 2392 euangelica
353 2317 427 2371 sunt
448 2307 653 2395 perfectione,
673 2330 739 2372 non
762 2310 890 2372 omnino
913 2311 1028 2392 iurare,
1056 2309 1172 2374 docent
1198 2309 1262 2394 ipsi
1272 2292 1367 2404 “gfff
1365 2291 1383 2396 ,¹¹
1384 2317 1390 2330 ‘

145 2401 320 2456 sectatores
353 2413 427 2456 suos
456 2393 671 2457 iuramentum
704 2392 845 2456 mendax
877 2391 1020 2478 diligere,
1052 2395 1144 2458 iuxta
1174 2393 1261 2480 quod

142 2477 327 2540 factumest
347 2477 382 2540 in
395 2475 480 2540 illius
500 2477 695 2540 marchionis
716 2478 985 2562 transgressione,
1008 2499 1081 2540 cum
1104 2477 1262 2542 eiusmodi

144 2561 210 2626 sint
229 2559 373 2625 infideles
395 2570 491 2646 atque
506 2561 636 2647 periuri,
660 2571 816 2648 quotquot
829 2571 904 2625 sunt
925 2563 966 2625 ex
984 2561 1110 2626 illorum
1125 2561 1260 2647 pseudo·

144 2644 363 2730 apostolorum
396 2653 497 2731 parte,
525 2646 580 2732 qui
607 2647 728 2726 dicunt,
761 2667 795 2709 se
820 2646 935 2708 missos
965 2667 1043 2726 esse,
1072 2656 1108 2710 ut
1136 2645 1262 2710 solvant

144 2729 306 2795 auditores
330 2751 403 2794 suos
425 2751 445 2794 a
466 2731 662 2812 iuramentis,
685 2751 744 2815 per
758 2752 841 2816 quae
860 2729 956 2792 fidem
980 2729 1142 2794 dedissent
1160 2729 1260 2793 domi-

143 2815 194 2878 nis
216 2815 293 2896 suis,
315 2835 389 2878 oum
411 2822 497 2879 certe
514 2815 639 2913 periuri
661 2813 808 2879 dicantur
832 2837 852 2878 a
874 2812 974 2877 Paulo
997 2813 1141 2900 apostolo
1164 2813 1261 2879 simili
1271 2798 1360 2899 25¹3}
1370 2799 1390 2848 ¹'

144 2899 311 2964 subiacere
326 2899 533 2980 damnationi,
556 2921 620 2984 qua
635 2898 818 2964 iudicantur
830 2898 1008 2984 patricidae
1027 2908 1058 2964 et
1072 2898 1260 2964 matricidae

143 2993 176 3048 et
199 2985 296 3047 ceteri
340 2983 374 3046 ui
395 3004 460 3046 non
482 2983 693 3068 possidebunt
712 3005 848 3068 regnum
870 2983 943 3048 Dei.

227 3069 278 3132 34.
347 3067 409 3131 nde
431 3069 527 3130 etiam
550 3069 752 3154 praepositae
774 3069 910 3154 scriptor
924 3067 1087 3153 epistolae,
1110 3069 1165 3154 qui
1187 3090 1259 3154 pro-

142 3150 250 3217 fitetur
273 3174 306 3216 se
329 3151 498 3216 defendere
519 3161 644 3238 partem
672 3153 722 3216 sui
744 3153 903 3238 Gregorii,
931 3154 1022 3218 cuius
1050 3163 1134 3218 certe
1162 3154 1259 3240 parti-

1274 1626 1341 1666 zach.
1352 1627 1372 1677 8,

1275 1686 1310 1727 16.
1322 1687 1356 1726 17.

142 3295 164 3349 a)
179 3297 211 3336 aa
226 3297 313 3348 scriput-
329 3298 442 3346 perderet
458 3301 479 3340 1.

144 3411 170 3474 1)
192 3410 260 3461 Cum
278 3410 429 3462 Bernoldus
449 3411 478 3475 (l.
499 3427 521 3464 c.
547 3429 572 3478 p.
594 3413 658 3476 447)
679 3413 776 3475 tradat,
795 3413 952 3477 Egbertum,
971 3412 1135 3462 invidentem
1155 3411 1258 3476 gloriae

142 3486 215 3550 regis
238 3484 406 3548 Herimanni,
432 3487 520 3535 animo
546 3489 703 3553 concepisse
730 3487 863 3537 dominum
889 3501 965 3536 suum
984 3501 1068 3550 regno
1087 3486 1206 3551 privare;
1232 3492 1259 3537 et

143 3574 204 3610 cum
219 3558 289 3608 Ann.
303 3557 416 3623 August.
433 3559 532 3622 dicant,
552 3560 642 3610 hostes
662 3558 733 3626 (scil.
749 3555 938 3626 imperatoris),
959 3557 1070 3626 depulso
1083 3559 1257 3620 Herimamm,

140 3632 288 3696 Egbertum
306 3647 419 3696 regnare
437 3632 609 3698 disposuisse,
628 3635 686 3683 veri
704 3633 791 3684 simile
809 3638 857 3696 est,
876 3633 1037 3696 Hartvigum
1053 3639 1080 3683 et
1091 3633 1258 3684 Burcardum

139 3702 193 3754 i'am
214 3711 286 3768 tunc,
307 3720 367 3754 eum
381 3705 513 3756 Henricus
532 3708 560 3756 in
574 3705 717 3756 Saxoniam
736 3707 855 3769 intraret,
873 3707 901 3755 in
920 3706 1038 3772 Egberto
1058 3722 1133 3774 spem
1152 3708 1258 3775 imperii

141 3779 283 3830 excitasse.
322 3779 416 3844 Neque
442 3781 512 3830 enim
537 3781 640 3830 animos
666 3781 758 3830 horum
786 3781 970 3846 opiscoporum
996 3779 1145 3848 aperfidia
1164 3787 1257 3832 contra

138 3852 333 3902 Herimannum
346 3851 523 3916 abhorruisse,
539 3853 583 3904 vel
598 3853 661 3904 inde
682 3858 803 3920 apparet,
823 3853 895 3920 quod
913 3855 967 3903 iam
988 3854 1032 3904 die
1053 3855 1076 3907 1.
1090 3855 1160 3918 Aug.
1177 3854 1256 3907 108⁷.

139 3927 168 3974 in
197 3931 331 3976 conventu
360 3926 454 3991 Spirae
483 3931 543 3977 acto
573 3927 691 3977 Henrico
720 3927 881 3978 adiutorium
910 3943 986 3978 suum
1015 3927 1051 3977 ad
1082 3929 1256 3978 obtinendum

139 4014 261 4064 regnum,
280 4000 304 4050 si
324 3997 357 4048 de
378 4001 653 4050 excommunicatione
679 4001 751 4052 exire
775 3999 859 4052 vellet
882 4001 930 4064 (ci.
955 4000 1084 4051 Bernoldi
1103 4000 1167 4052 Chr.
1192 3999 1211 4051 l.
1232 4016 1255 4050 c.

138 4089 165 4138 p.
177 4071 250 4138 446),
269 4073 453 4138 promiserant.
485 4072 539 4122 Illa
557 4079 646 4124 autem
666 4089 738 4139 spes,
758 4074 793 4124 ad
813 4090 892 4140 quam
912 4074 1046 4139 Egbertus
1065 4074 1100 4124 ab
1122 4074 1255 4138 episcopis

138 4145 250 4196 inducta
265 4152 329 4206 erat,
348 4160 403 4196 non
414 4146 526 4212 refringi
540 4162 594 4196 non
610 4148 705 4212 potuit,
720 4149 744 4198 si
761 4148 824 4197 huic
843 4163 897 4198 non
914 4148 1081 4211 contingeret
1098 4151 1128 4195 ut
1139 4146 1254 4210 impera·

138 4223 224 4270 torem
250 4218 381 4271 efinibus
406 4220 541 4272 Saxoniae
561 4218 717 4287 depelleret.
755 4221 842 4282 Quam
867 4237 924 4270 rem
944 4235 1004 4270 cum
1023 4219 1161 4269 nonsatis
1181 4224 1254 4268 certo

137 4298 258 4358 speraret
276 4293 345 4344 bene
364 4309 549 4361 processuram
569 4309 636 4353 esse,
655 4294 789 4357 Egbertus
809 4293 844 4342 ed
863 4292 1003 4361 perfidiam
1029 4308 1058 4342 se
1079 4293 1210 4342 convertit
1230 4297 1257 4343 et

136 4364 274 4417 simularit
292 4383 320 4418 se
335 4367 434 4418 dedere
447 4383 476 4418 se
489 4367 652 4434 imperatori.
685 4367 746 4418 Hac
758 4367 861 4418 ratione
882 4375 909 4419 et
923 4367 1077 4418 comitatum
1096 4364 1256 4416 marchiam·

136 4454 190 4506 que
209 4443 312 4507 recepit
331 4446 358 4492 et
376 4441 523 4494 Henricum
543 4440 576 4492 ab
596 4439 720 4492 intrando
739 4443 768 4491 in
788 4440 932 4493 Saxoniam
952 4439 1056 4491 avertit.
