3116 4822
287 371 329 422 VI
747 361 961 414 PRAEFATIO.

291 546 409 618 statur,
439 535 614 600 seditiones
642 542 671 595 et
699 532 887 596 discordias
915 529 1007 612 tollit,
1029 553 1152 615 pacem
1174 533 1356 616 praedicat
1388 542 1417 597 et

292 623 441 686 studium
476 619 625 682 veritatis
663 617 787 680 adserit
824 626 920 701 atque
957 617 1069 679 omnia
1105 617 1184 680 haec
1221 617 1413 703 evanpelico

292 707 445 770 doctrina
467 713 495 768 et
520 701 741 786 apostolorum
764 724 804 764 ac
821 701 1062 785 prophetarum
1073 699 1179 783 fulcit
1200 703 1416 766 testimoniis'.

295 789 365 863 Quo
395 787 456 852 tali
483 789 603 870 scripto
633 808 705 849 cum
732 807 792 848 suo
821 787 894 848 iure
916 783 1081 848 Huttenus
1109 795 1264 868 speraret,
1277 786 1357 870 fore
1378 795 1415 850 ut
1513 819 1518 824 ·

290 872 411 938 multae
433 874 551 936 inanes
572 869 717 955 fabulae
746 869 786 932 de
814 869 1011 933 auctoritate
1034 891 1149 952 papae
1163 869 1264 951 fictae
1289 869 1414 954 refelle-

290 965 417 1033 rentur,
445 965 481 1018 ut
510 956 615 1018 virtus
644 953 784 1018 Heurici
805 952 864 1033 IV,
893 973 977 1035 quae
1004 954 1177 1037 incognita
1205 955 1361 1019 iacuisset
1386 963 1416 1017 et

293 1041 334 1106 ab
350 1040 478 1104 Italicis
501 1037 718 1122 scriptoribus
742 1037 918 1102 obscurata
940 1046 1027 1116 esset,
1050 1057 1066 1098 e
1087 1037 1227 1101 tenebris
1249 1039 1294 1101 acl
1311 1037 1429 1102 lucem*

291 1132 509 1204 revocaretur,
538 1132 574 1185 ut
601 1123 780 1201 doceretur,
803 1143 958 1206 pupuam
988 1129 1102 1184 contra
1117 1143 1249 1266 papam
1274 1124 1311 1186 in
1335 1121 1414 1186 Ger·
1458 1148 1463 1155 ·

291 1209 406 1274 mania
429 1207 514 1272 nihil
535 1210 611 1270 naoi
631 1206 818 1270 inauditioe
841 1226 916 1284 esse,
939 1205 1105 1268 coustituit
1148 1229 1213 1269 unc
1234 1205 1353 1269 librum
1375 1209 1413 1270 in

291 1293 394 1357 lucem
422 1291 514 1356 edere
545 1311 678 1374 eumque
700 1291 790 1375 typis
814 1288 1062 1352 euseribendum
1089 1289 1263 1352 mandavit
1290 1291 1415 1355 Ioanni

293 1375 456 1460 Scheffero
480 1375 688 1459 Mopuntino.
722 1373 838 1457 ltaque
862 1395 951 1436 anno
977 1372 1069 1435 1520.
1091 1375 1128 1435 in
1149 1372 1251 1436 lucem
1278 1376 1414 1438 emissus

293 1470 339 1525 est
354 1483 426 1523 cum
440 1458 546 1521 titulo:
563 1458 624 1521 ‘De
639 1458 765 1520 unitate
780 1457 932 1520 ecclesiae
947 1457 1175 1520 conservanda
1188 1467 1216 1520 et
1231 1459 1413 1539 schismate,

314 1542 461 1628 uodfuit
480 1543 568 1606 inter
584 1541 785 1605 Henrichum
801 1541 857 1604 IV.
877 1543 956 1624 imp.
980 1549 1008 1602 et
1024 1539 1219 1625 Greporium
1236 1541 1303 1605 VII.
1319 1542 1412 1610 Pout.

293 1569 387 1692 htau
410 1627 583 1690 cuiusdam
598 1628 668 1689 eius
684 1627 838 1710 temporis
852 1625 942 1706 liber,
963 1627 998 1688 iu
1019 1627 1239 1688 vetustissima
1253 1625 1415 1690 Fhldeusi

293 1711 485 1776 bibliotheca
514 1710 553 1773 ab
585 1709 726 1773 Hutteno
754 1712 906 1774 inuentus
935 1711 1061 1793 nuper’.
1104 1707 1148 1772 At
1170 1731 1209 1772 ue
1242 1733 1314 1774 cum
1346 1709 1414 1776 illis

294 1797 395 1859 annis
426 1817 480 1858 res
513 1815 629 1858 sacrae
661 1794 902 1856 restaurandae
930 1802 1118 1879 operentur,
1149 1732 1312 1858 liutteuus
1341 1817 1414 1857 eum

293 1879 412 1944 librum
440 1879 485 1942 ad
513 1877 766 1942 Ferdinandum
794 1878 980 1961 principem
1008 1878 1106 1958 misit,
1125 1876 1273 1960 fratrem
1302 1877 1415 1943 Caroli

292 1963 514 2048 imperatoris,
543 1963 624 2046 quia
647 1963 810 2047 sperabat,
822 1961 904 2046 fore
934 1970 970 2024 ut
996 1964 1165 2026 sententiis
1194 1964 1231 2026 in
1253 1963 1310 2026 illo
1331 1963 1442 2026 libro1

293 2049 451 2132 eupasitis
468 2055 723 2130 permoveretur,
751 2069 791 2108 ne
812 2047 972 2109 resisteret
993 2068 1114 2110 causae
1137 2046 1413 2130 Reformatorem.

377 2131 473 2194 Liber
511 2140 618 2193 autem
649 2131 898 2214 manuscriptus
933 2152 999 2192 non
1036 2129 1105 2194 iam
1141 2139 1262 2206 eustat,
1300 2152 1337 2194 ac
1373 2153 1413 2194 ue

293 2216 465 2300 oestipium
515 2215 624 2277 uidem
653 2223 764 2294 restat,
792 2236 892 2298 equo
915 2235 960 2296 ap
988 2223 1090 2294 areat,
1113 2235 1176 2298 quo
1199 2236 1238 2276 eu
1259 2213 1414 2278 munibus

294 2299 432 2362 Hutteui
450 2237 578 2361 delhttus
595 2299 645 2362 sit,
682 2297 881 2380 Nuperrirue
901 2297 950 2361 Wi
961 2309 1075 2361 mans¹
1098 2306 1235 2361 conatus
1254 2307 1298 2362 est
1318 2300 1412 2361 oesti-

293 2383 354 2467 9ia
375 2381 466 2445 illius
487 2381 641 2465 reperire,
664 2381 721 2444 sed
732 2381 880 2466 frustra.
913 2382 1017 2466 Atque
1022 2403 1231 2526 t{pu-amquam
1253 2381 1415 2447 bibliothe-
1480 2411 1486 2429 ·

293 2489 366 2530 cam
389 2467 525 2529 Hutteui
543 2474 619 2549 post
640 2467 710 2530 eins
730 2476 860 2529 mortem
881 2465 1019 2528 Eichsta
1044 2467 1111 2529 ium
1134 2466 1414 2531 translatumesse

294 2549 455 2614 ›Strauss²
484 2551 653 2633 opinatur,
682 2551 848 2613 tamenin
870 2549 960 2612 nullo
986 2550 1095 2614 iudice
1116 2549 1274 2614 librorum
1296 2573 1413 2614 manu-

294 2634 492 2718 scriptorum
519 2636 589 2698 eius
618 2633 824 2698 bibliothecae
850 2633 1021 2718 oestipium
1045 2633 1125 2698 libri
1146 2636 1246 2698 huius
1268 2636 1415 2698 inveniri

289 2727 403 2802 potest.
437 2716 532 2790 Quod
548 2718 711 2781 Huttenus
727 2718 888 2803 deforma
912 2739 950 2780 ac
966 2727 1092 2780 natura
1107 2718 1229 2782 codicis
1245 2719 1415 2782 dimitiam

295 2824 401 2886 supra
416 2803 671 2866 commemoraui.
693 2802 784 2866 Num
796 2810 901 2866 autem
908 2811 1045 2884 praeter
1060 2801 1202 2865 codicem
1218 2801 1258 2864 ab
1271 2802 1414 2866 Hutteno
1488 2831 1489 2835 ¹

293 2889 332 2951 in
353 2885 544 2951 bibliotheca
565 2885 724 2950 lhcldensi
752 2894 915 2969 repertum
938 2883 1020 2948 alter
1049 2885 1149 2948 codeu
1173 2885 1297 2950 alicubi
1319 2887 1415 2949 eusti-

293 2973 377 3050 terit,
400 2969 536 3033 dubium
557 2978 611 3034 est.
655 2970 691 3033 P.
714 2970 832 3033 Euald
858 2971 895 3033 in
918 2970 1146 3033 dissertatione
1172 2992 1235 3034 sua
1263 2970 1303 3034 de
1331 2970 1415 3034 Wal-

294 3063 400 3116 tramo
416 3052 663 3140 Numburpensi
680 3077 716 3138 p.
736 3053 868 3118 12-18.
892 3051 967 3134 vult,
991 3052 1191 3118 Aventinum
1214 3053 1260 3117 ad
1276 3053 1415 3119 annales

296 3138 415 3202 Boicos
448 3137 697 3202 conscribendos
730 3138 840 3203 codice
876 3147 996 3218 nostro,
1031 3160 1123 3222 quem
1155 3139 1192 3202 iu
1225 3137 1416 3202 bibliotheca

295 3219 615 3286 dinumerantes
637 3224 788 3306 perisset,
810 3245 905 3287 usum
927 3243 1004 3286 esse.
1040 3221 1146 3306 Atque
1169 3222 1298 3308 quidem
1319 3243 1417 3285 usum

293 3327 360 3370 esse
383 3328 455 3369 eum
477 3315 588 3370 nostro
610 3245 692 3370 libro
714 3307 835 3392 nepari
856 3329 923 3371 non
940 3314 1056 3389 potest,
1082 3328 1157 3369 cum
1179 3303 1297 3390 afferat
1318 3307 1416 3370 verba

295 3391 457 3476 quaedam
479 3411 495 3452 e
517 3391 623 3474 eapite
645 3391 694 3454 19.
717 3390 795 3455 libri
816 3390 862 3454 ΙΙ.
885 3399 1016 3474 sumpta
1039 3399 1067 3452 et
1089 3413 1161 3454 cum
1184 3389 1325 3474 quodam
1346 3389 1416 3454 loco

294 3479 430 3538 eundem
451 3495 560 3538 rerum
575 3474 866 3539 describendarum
881 3475 1029 3539 ordinem
1050 3483 1220 3558 sequatur,
1243 3475 1302 3561 qui
1323 3473 1418 3538 nobis

294 3581 369 3642 cap.
385 3557 436 3622 28.
460 3560 602 3622 occurrit
608 3581 620 3640 ,·
643 3559 701 3622 sed
715 3561 773 3624 hoc
788 3581 913 3642 semper
934 3559 1069 3622 dubium
1091 3559 1163 3639 erit,
1187 3581 1232 3622 an
1247 3559 1417 3623 editionem

295 3642 433 3706 Hutteui
454 3643 544 3728 typis
566 3644 765 3726 euseriptam
786 3643 823 3706 in
846 3643 999 3706 manibus
1021 3643 1181 3707 habuerit.
1228 3641 1320 3716 Quae
1342 3663 1416 3706 cum

295 3749 402 3790 mense
424 3727 549 3792 Martio
579 3729 665 3790 anni
692 3725 783 3790 1520.
813 3729 902 3812 tppis
930 3730 1098 3812 eascripta
1120 3731 1162 3791 sit
1183 3748 1285 3810 neque
1311 3725 1417 3788 Auen·

296 3811 386 3874 tinus
416 3819 490 3872 ante
518 3809 640 3875 Iulium
665 3833 804 3874 mensem
835 3812 921 3875 anni
949 3812 1041 3875 1521.
1072 3813 1214 3897 quinque
1245 3808 1417 3892 prioribus

296 3895 405 3978 operis
420 3896 475 3958 sui
488 3893 582 3958 libris
597 3903 772 3958 eutremam
787 3917 920 3959 manum
935 3896 1137 3979 imposuerit,
1150 3915 1216 3956 nou
1232 3895 1417 3958 necessario

294 3979 452 4062 seqnitur,
478 3986 514 4040 ut
539 3979 703 4042 Aventino
729 3979 827 4044 editio
850 3979 988 4043 Hutteui
1017 3980 1134 4066 ipnota
1150 3977 1270 4062 fucrit.
1325 3973 1417 4050 Quas

296 4061 384 4126 alias
419 4083 540 4126 causas
575 4062 694 4126 hhoald
730 4065 767 4128 in
804 4063 1043 4128 dissertatione
1068 4084 1131 4126 sua
1163 4059 1267 4146 affert,
1300 4060 1418 4145 quibus

295 4246 326 4316 1)
343 4250 404 4375 323.
425 4252 495 4376 3122,
520 4251 587 4318 1483
617 4253 651 4305 cf.
684 4254 809 4322 Boeking
834 4254 858 4306 1.
886 4254 942 4306 ins.
970 4271 997 4322 p.
1023 4251 1067 4306 48.
1169 4253 1198 4317 ι)
1231 4251 1351 4303 ‘flueren’
1379 4251 1420 4316 11,

294 4342 322 4392 p.
399 4364 406 4378 .
483 4363 489 4378 .
