3098 4818
304 365 338 414 32
587 361 709 413 BRUNO
729 362 779 411 DE
799 359 920 410 BELLO
941 357 1135 412 sexomco.

229 531 393 596 10²⁵·volui
419 541 447 594 et
473 529 543 594 uolo
567 551 632 614 pro
660 529 785 593 uiribus
810 528 899 608 meis,
926 536 954 590 et
980 525 1070 590 ultra
1092 529 1184 606 uires,
1210 531 1281 590 eius
1302 525 1425 588 bonori

303 617 434 680 seruire.
485 612 582 688 Quod
610 615 640 676 si
668 635 716 676 me
733 611 826 696 forte
853 612 1007 675 maiestas
1029 613 1098 676 eius
1122 619 1285 690 accusat‘,
1314 607 1422 694 qutab

303 721 412 784 nuper
438 701 537 784 quasi
558 705 775 782 pupnaturus
803 718 875 759 curn
900 717 935 758 eo
962 698 1114 775 venerim,
1143 695 1201 758 boc
1229 693 1317 780 quod
1342 695 1423 778 ipsa

303 785 435 862 veritas,
458 805 542 867 quac
565 781 714 847 Obristus
736 789 791 860 est,
813 784 903 843 nouit
923 801 1034 842 verum
1055 800 1122 843 esse
1142 779 1333 863 respondete
1339 824 1349 857 ,
1371 799 1422 840 me

304 866 400 930 nulla
416 866 599 951 puqnandi
620 887 723 928 causa
744 866 880 943 venisse,
903 864 960 926 sed
982 863 1019 926 ob
1041 863 1100 926 boc
1122 861 1236 944 solum,
1262 862 1347 925 sicut
1368 883 1439 926 co·-

303 974 376 1014 ram
396 949 514 1035 leqatis
535 952 606 1013 eius
617 949 738 1033 fuerat
759 949 975 1026 constitutum,
1002 955 1039 1009 ut
1064 969 1117 1010 eos
1139 968 1219 1031 quos
1240 947 1277 1008 in
1299 946 1423 1008 nostris

298 1034 456 1120 partibus
482 1056 559 1098 suos
586 1040 759 1097 vocaverat
784 1032 945 1110 inimicos,
973 1030 1110 1095 volentes
1137 1031 1203 1094 sive
1229 1029 1369 1093 nolentes
1391 1032 1423 1093 ei

301 1126 556 1204 praesentarem,
573 1125 733 1201 quatenns
745 1124 849 1178 oestro
868 1113 1071 1200 aliorumque
1081 1115 1279 1198 principum
1295 1112 1421 1177 iudicio

304 1202 353 1265 uel
379 1203 415 1266 in
445 1202 581 1264 crimine
607 1201 801 1284 deprehensi
826 1201 913 1262 iusto
940 1197 1105 1282 supplicio
1128 1197 1343 1277 subsannent,
1372 1197 1422 1260 vel

304 1287 489 1350 innocentes
511 1287 636 1348 inuenti
656 1283 746 1348 uobis
768 1283 1039 1347 intercedentibus
1065 1283 1210 1368 qratiam
1240 1283 1310 1345 eius
1337 1283 1421 1344 reci·

300 1378 426 1454 perent.
473 1367 618 1441 Quorum
646 1390 779 1431 causam
807 1368 888 1450 quia
914 1388 980 1430 non
1006 1375 1052 1430 est
1078 1367 1234 1450 diqnatus
1262 1367 1422 1448 accipere,

305 1454 386 1538 quid
407 1475 455 1516 me
476 1455 554 1533 nisi,
577 1455 662 1516 sicut
672 1451 756 1536 feci,
779 1449 909 1514 decebat
931 1449 1120 1514 abscedere?
1163 1448 1204 1513 Si
1219 1448 1306 1512 alias
1321 1448 1424 1512 michi

306 1536 465 1622 quaslibet
486 1536 603 1620 culpas
625 1538 777 1618 imponet,
799 1557 839 1597 ne
861 1533 995 1620 lonqum
1011 1534 1156 1617 faciam,
1177 1543 1316 1596 uestram
1339 1532 1420 1596 alio-

305 1643 440 1719 rumque
462 1619 605 1683 eiusdem
620 1619 750 1683 ordinis
764 1621 910 1682 virorum
923 1619 1039 1702 patiar
1054 1619 1254 1682 sententiam.
1291 1617 1423 1680 Deinde

306 1704 439 1768 donnino
461 1713 572 1768 nostro
593 1726 628 1766 re
654 1705 666 1766 i
687 1703 843 1788 dipnetur
873 1699 1004 1764 almitas
1031 1711 1140 1764 uestra
1168 1723 1356 1786 supqerere,
1386 1710 1423 1764 ut

305 1788 494 1852 recordetur
515 1809 547 1850 se
570 1726 712 1852 coellstis
733 1789 822 1871 repis
844 1788 943 1850 vicem
971 1785 1069 1848 simul
1094 1793 1124 1849 et
1152 1806 1266 1848 nomen
1294 1783 1422 1864 babere,

306 1875 365 1957 qui
385 1873 466 1936 dicit
487 1895 520 1936 se
540 1871 802 1937 misericordiam
822 1871 930 1953 maqis
950 1868 1027 1932 uelle
1047 1891 1146 1954 quam
1160 1867 1370 1948 sacrificium,
1393 1877 1423 1931 et

305 1957 365 2040 qui
385 1957 472 2020 venit
492 1977 559 2019 non
581 1964 617 2018 ut
637 1955 759 2019 iudicet
780 1955 938 2018 mundum
964 1953 1019 2016 sed
1047 1963 1083 2016 ut
1110 1953 1252 2038 salvetur
1278 1951 1422 2016 mundus

303 2063 365 2124 per
385 2043 513 2124 ipsum,·
536 2049 697 2124 quatenus
719 2039 798 2102 dum
820 2038 879 2100 boc
906 2039 1094 2182 recogitans
1120 2059 1203 2116 eum,
1231 2037 1349 2100 cuius⁰
1376 2045 1423 2100 est

305 2125 479 2187 membrum
500 2131 529 2186 et
543 2125 638 2186 cuius
654 2145 768 2186 nomen
785 2121 887 2200 babet,
910 2122 976 2184 acti
997 2142 1035 2185 us
1050 2121 1155 2184 studet
1168 2120 1304 2200 imitari,
1327 2143 1423 2184 mere-

308 2216 385 2270 atur
405 2209 442 2270 in
464 2229 564 2291 requo
587 2205 712 2270 coelesti
733 2205 946 2268 beatitudinis
963 2213 1113 2268 aeternae
1129 2203 1239 2288 qloria
1257 2206 1422 2267 coronari.

306 2291 369 2354 Per
394 2299 494 2354 totum
506 2289 584 2373 fere
612 2312 737 2353 annum
763 2288 879 2352 litteris
901 2287 1040 2373 aliisque
1061 2287 1279 2374 lcpationibus
1301 2289 1423 2351 nostris

307 2395 415 2438 omnes
428 2373 505 2458 fere
525 2375 696 2456 principes
718 2374 814 2519 rqpni
833 2371 1026 2456 suppliciter
1041 2373 1215 2452 adivimus,
1238 2380 1266 2432 et
1281 2379 1317 2433 ut
1331 2371 1423 2434 nobis

307 2459 436 2542 copiam
473 2479 584 2522 coram
623 2457 738 2520 venien
763 2457 777 2519 i
810 2459 1016 2542 acquirerent
1049 2457 1230 2535 oravimus,
1263 2464 1423 2539 quatenus

306 2563 418 2606 eorum
438 2542 562 2605 iudicio
584 2539 633 2604 uel
656 2541 751 2604 nonii
771 2539 1030 2604 damnaremur(1
1057 2539 1106 2601 nel
1126 2539 1261 2603 innoxii
1287 2536 1421 2602 soluere-

307 2647 392 2688 mur.
420 2622 424 2633 ⁴
439 2623 534 2698 Quod
549 2626 630 2710 quia
645 2646 826 2708 numquam
841 2626 1018 2708 impetrare
1034 2624 1211 2707 potuimus,
1234 2624 1352 2685 iterum
1366 2644 1422 2687 uos

307 2719 337 2774 et
365 2709 567 2788 omnes-Dei
584 2707 702 2790 fideles
729 2707 923 2792 suppliciter
951 2729 1093 2787 oramus,
1122 2716 1158 2769 ut
1185 2705 1298 2769 saltem
1324 2729 1422 2788 nunc,

303 2802 480 2878 postquam
501 2795 589 2856 iram
610 2816 706 2856 suam
720 2801 829 2856 nostro
846 2813 959 2857 cruore
982 2792 1126 2870 satiavit,
1142 2799 1319 2875 postquam
1333 2791 1423 2854 Deus

306 2877 358 2940 illi
380 2879 463 2940 sicut
484 2878 650 2962 oportebat
672 2879 824 2940 horrorem
845 2877 992 2954 donauit,
1004 2873 1159 2960 furorem
1179 2874 1332 2958 deponat,
1353 2874 1423 2939 Deo

307 2961 449 3047 qloriam
477 2961 611 3041 reddat,
639 2969 668 3022 et
696 2961 783 3044 quod
812 2968 887 3023 ante
914 2983 976 3024 san
1001 2960 1111 3022 uinem
1141 2956 1279 3043 effusum
1301 2957 1424 3042 fecisse

303 3053 446 3129 poterat,
468 3067 557 3108 nunc
572 3053 663 3106 tanto
679 3047 844 3128 sanquine
856 3044 941 3127 fuso
960 2981 1080 3124 flectas.
1123 3042 1187 3106 Det
1201 3042 1295 3105 nobis
1309 3041 1423 3123 locum,

308 3128 365 3191 ubi
386 3127 549 3191 uobiscum
571 3136 600 3190 et
622 3149 694 3190 cum
708 3126 867 3210 liedulfo,
883 3126 1112 3206 Ber-ettotam,
1129 3123 1310 3210 Godefrido
1333 3127 1424 3189 duci-

307 3211 367 3275 bus
389 3212 561 3274 conuenire
578 3213 754 3294 possimus,
777 3214 862 3276 etin
885 3231 1079 3296 quacunque
1094 3232 1129 3272 re
1143 3211 1232 3273 uobis
1247 3207 1424 3293 culpabiles

308 3318 374 3360 esse
395 3294 586 3375 uidebimur,
609 3295 698 3359 omni
718 3293 882 3360 uoluntate
904 3305 1018 3358 nostra
1034 3295 1073 3358 de
1100 3295 1183 3358 osita
1197 3303 1322 3357 uestrae
1340 3315 1423 3378 pru-

308 3381 438 3443 dentiae
459 3379 620 3443 iudicium
634 3377 771 3444 uolentes
787 3381 965 3462 patiemur.
1008 3317 1114 3441 Nulla
1126 3375 1202 3460 fuit
1222 3399 1367 3461 unquam
1387 3379 1425 3440 in

309 3463 448 3546 quolibet
466 3485 604 3548 paqano
627 3471 721 3526 tanta
743 3463 937 3544 crudelitas,
967 3471 1003 3527 ut
1024 3485 1104 3546 quos
1126 3463 1198 3525 sine
1221 3463 1311 3530 omni
1335 3463 1425 3546 peri-

310 3549 382 3612 culo
411 3546 459 3611 nel
490 3546 599 3610 labore
625 3569 705 3610 suae
733 3546 969 3611 dominationit
996 3547 1135 3612 subdere¹
1187 3547 1332 3624 unisset,
1358 3567 1426 3608 non

309 3632 381 3694 sine
404 3653 462 3694 suo
486 3653 681 3713 suorumque
699 3629 847 3714 periculo
869 3630 934 3693 sibi
960 3630 1102 3694 subicere
1130 3569 1228 3692 odlat.
1277 3625 1371 3702 Quod
1398 3629 1428 3692 si

309 3723 458 3777 nostrum
479 3715 684 3798 sanquinem,
706 3715 785 3777 dum
799 3714 904 3777 nichil
918 3715 988 3777 eius
1003 3714 1157 3799 supersit,
1179 3712 1308 3776 laborat
1322 3711 1426 3858 ellan·

310 3797 395 3874 dere,
418 3799 533 3880 coqitet
554 3797 612 3860 loc
635 3819 701 3860 non
714 3797 823 3879 facile
838 3796 918 3878 fleri
964 3820 1033 3862 osse
1055 3799 1125 3861 sine
1153 3817 1287 3860 suorum
1309 3819 1330 3858 a
1344 3798 1427 3880 iqua

310 3880 568 3946 commintioness.
611 3880 726 3964 Itaque
741 3883 772 3943 si
786 3881 878 3944 nobis
893 3821 1017 3945 nablum
1034 3881 1297 3946 misericordiam
1308 3880 1429 3964 facere

312 3965 470 4050 disponit,
498 3963 611 4026 saltem
640 3985 773 4026 suorum
794 3964 947 4029 manibus
975 3975 1003 4030 et
1030 3965 1155 4050 qladiis
1173 3985 1314 4048 parcere
1341 3962 1427 4027 uelit.

312 4049 403 4112 Haec
417 4049 524 4133 iqitur
538 4056 566 4111 et
577 4047 606 4110 si
617 4070 684 4131 qua
692 4050 869 4132 potueritis
882 4050 1024 4132 aptiora,
1040 4049 1170 4114 domino
1186 4058 1295 4113 nostro
1311 4069 1428 4132 suqqe-

314 4135 382 4214 rite,
404 4134 495 4216 eique
516 4141 552 4194 ut
566 4131 673 4194 Deum
694 4132 814 4213 timeat,
832 4129 1056 4218 populumque
1072 4135 1127 4198 cui
1141 4141 1246 4196 rector
1260 4141 1305 4197 est
1319 4132 1430 4211 datus,

312 4291 334 4344 a)
351 4296 443 4335 incusat
464 4295 484 4335 2.
559 4292 583 4345 b)
605 4295 667 4344 quod
688 4296 707 4334 2.
781 4292 802 4344 c)
826 4305 847 4334 a.
871 4298 906 4334 est
928 4305 958 4336 m.
979 4298 1003 4334 et
1022 4295 1099 4334 demut
1121 4297 1141 4337 l.
1218 4294 1241 4346 d)
1262 4295 1390 4344 dapnemur
1408 4298 1429 4335 1.

312 4351 334 4404 e)
350 4353 461 4394 Bertoldo
477 4356 501 4394 et
517 4351 544 4394 G.
561 4353 582 4394 2.
626 4353 644 4405 t)
660 4353 824 4403 dampnacioni
840 4355 866 4401 13
881 4353 999 4393 emendavit
1015 4353 1154 4395 diacorum.
1205 4351 1228 4405 g)
1246 4355 1390 4394 admixtione
1407 4355 1429 4393 2.
