3098 4818
434 337 554 389 ssuuo
573 336 623 388 su
642 303 761 388 ssim
781 336 969 388 sexomao.
1223 335 1258 384 sr

141 526 250 568 eorum
286 505 439 570 honorem
471 513 588 568 sancta
620 504 754 569 ecclesia
784 507 903 568 missas
934 505 1049 568 statuit
1080 499 1334 568 celebraribtttl·

144 589 292 653 Timeant
312 611 404 674 repes
428 588 550 674 aliique
564 589 749 674 principes,
771 611 811 652 ne
826 597 949 674 quanto
970 611 1002 652 se
1023 591 1137 653 ceteris
1158 588 1257 652 bomi-

142 675 240 738 nibus
261 675 299 737 in
321 674 384 738 bac
406 674 475 736 uita
484 672 659 758 praeferri
673 672 829 759 pandent,
851 672 1101 757 tants‘ampbius
1117 673 1259 736 aeternis

141 757 305 822 incendiis
320 757 538 822 subiciantur.
581 757 673 821 Unde
688 757 925 842 scriptumest:
945 757 1101 821 ‘Potentes
1109 765 1320 840 potentersap.
1330 775 1350 827 e,
1359 775 1380 819 r.

140 851 301 906 tormenta
316 842 510 926 patientur!
555 840 606 905 De
627 849 673 905 tot
694 843 780 904 enim
798 839 984 906 bominibus
1000 841 1069 904 Deo
1093 840 1259 904 reddituri

142 935 219 990 sunt
246 927 417 1007 rationem,
448 933 522 1011 quot
543 947 622 990 suae
651 925 869 990 dominationi
896 925 1042 988 subditos
1064 924 1258 988 babuerunt.

144 1007 240 1084 Quod
261 1013 291 1074 si
313 1009 418 1075 alicui
438 1008 592 1094 rdipioso
602 1010 739 1094 privato
754 1032 821 1074 non
834 1031 966 1094 paruus
982 1008 1076 1072 labor
1090 1017 1136 1072 est
1156 1031 1259 1072 unam

141 1115 237 1158 suam
260 1096 407 1158 animam
423 1093 597 1174 custodire,
620 1102 764 1178 quantus
779 1093 873 1158 labor
887 1095 1033 1158 imminet
1042 1093 1258 1177 principibus

141 1200 241 1262 super
268 1178 378 1242 multis
405 1177 536 1242 milibus
572 1177 783 1241 animumn?
826 1178 1001 1241 Praeterea
1038 1178 1069 1240 si
1097 1176 1260 1241 iudicium

141 1272 274 1326 sanctae
301 1261 451 1326 ecclesiae
483 1261 579 1326 ualde
607 1263 802 1348 constringit
827 1271 1032 1346 peccatorem
1057 1283 1124 1345 pra
1156 1262 1258 1324 unius

141 1345 283 1411 bominis
315 1345 549 1431 interfectione,
587 1346 668 1431 quid
700 1348 762 1410 erit
789 1346 828 1410 de
860 1347 911 1409 bis
938 1347 996 1431 qui
1028 1343 1131 1408 multa
1163 1343 1258 1408 milia

140 1431 256 1494 morti*
278 1432 417 1495 tradunt
433 1453 498 1514 pro
521 1431 621 1494 buius
642 1431 759 1494 mundi
781 1431 920 1511 bonore;
944 1431 1002 1514 qui
1022 1429 1096 1494 licet
1118 1451 1172 1492 ore
1195 1427 1361 1498 ali-*utcu

141 1514 275 1614 quando
291 1515 423 1579 dicant:
446 1515 534 1578 ‘Mea
549 1514 677 1599 culpat’
687 1537 753 1600 pro
768 1512 942 1579 multorum
958 1513 1129 1594 occisione,
1150 1521 1259 1576 tamen

140 1608 202 1662 sn⁸
224 1599 320 1663 corde
342 1599 487 1684 pandent
508 1600 546 1662 in
568 1601 623 1662 sui
637 1601 736 1681 quasi
755 1599 889 1663 honoris
911 1601 1106 1674 rurensium,
1129 1595 1258 1661 nolunt·

141 1705 202 1768 que
223 1705 290 1747 non
308 1681 431 1766 fecisse
459 1682 545 1767 quod
576 1691 721 1766 eperunt,
753 1704 854 1766 neque
886 1681 995 1746 dolent
1023 1680 1111 1766 quod
1128 1681 1260 1765 fratres

141 1787 218 1829 suos
239 1768 276 1829 in
299 1775 461 1829 tartarum
484 1765 718 1849 compulerunt.
765 1763 905 1850 Cumque
933 1786 973 1828 en
1000 1773 1064 1829 toto
1089 1765 1186 1828 corde
1208 1787 1260 1829 ecs

140 1872 207 1914 non
224 1852 379 1934 poenitet,
409 1871 511 1934 neque
533 1848 644 1912 nolunt
666 1849 811 1912 bumano
833 1849 997 1934 sanquine
1021 1849 1190 1934 adquisita
1211 1847 1261 1913 nel

140 1934 270 1998 detenta
292 1936 442 2015 omittere,
465 1932 598 1998 iliorum
614 1933 819 2016 poenitentia
836 1933 929 2017 apud
940 1931 1048 1995 Deum
1064 1933 1134 1995 sine
1156 1932 1258 2016 dique

135 2019 359 2103 poenitentiae
371 2017 493 2102 fructu
514 2023 631 2081 manet.
681 2016 772 2080 Unde
788 2016 940 2102 profecto
962 2015 1057 2079 ualde
1079 2025 1124 2078 cst
1145 2017 1258 2079 timen-

141 2103 220 2167 dum
243 2111 338 2188 atque
361 2101 616 2166 admemoriam
644 2123 752 2166 eorum
782 2101 893 2166 crebra
920 2099 1149 2181 reuocandum,
1178 2101 1259 2184 quia

140 2187 226 2250 sicut
244 2185 397 2272 praeJ‘ati
423 2207 546 2265 sumus,
577 2208 598 2248 u
626 2185 745 2249 mundi
766 2186 943 2272 principio
967 2185 1171 2269 paucissimi
1194 2205 1260 2269 per

140 2271 274 2336 diuersa
289 2281 453 2334 terrarum
474 2292 582 2355 repna
595 2293 687 2357 repes
708 2272 816 2334 sancti
838 2292 878 2334 eu
899 2267 1135 2333 innumerabili
1148 2289 1259 2332 eorum

140 2354 347 2418 multitudiue
374 2356 605 2440 reperiuntur‚·
642 2377 714 2418 cum
742 2355 779 2417 in
809 2377 881 2418 una
914 2361 1041 2416 tantum
1064 2350 1259 2436 pontificum

85 2451 88 2458 '
143 2440 291 2502 seriatim
313 2437 574 2502 succeeecetuur
597 2439 680 2518 sede,
709 2437 856 2502 uidelicet
876 2437 1041 2517 Romana,
1076 2459 1098 2500 a
1119 2445 1259 2522 tempore

141 2521 226 2586 beati
247 2522 338 2586 Petri
360 2521 502 2606 apostoli
514 2521 592 2606 fere
615 2531 740 2584 centum
769 2522 856 2586 inter
881 2523 1105 2585 sanctissimos
1127 2543 1258 2605 compu·
1288 2553 1290 2561 v

140 2614 256 2670 tentur.
304 2605 371 2670 Our
394 2614 500 2669 autem
522 2606 590 2685 boc,
612 2607 682 2669 nisi
703 2607 784 2689 quia
798 2627 891 2690 repes
913 2615 1019 2669 terrae
1041 2613 1070 2668 et
1086 2607 1259 2688 principes

140 2712 231 2754 nana
253 2689 364 2776 picria
387 2687 544 2770 delectati,
568 2690 653 2752 sicut
670 2689 894 2774 praelibatum
914 2697 969 2769 est,
992 2710 1075 2772 quae
1098 2709 1160 2751 sua
1182 2695 1260 2750 suut

139 2775 391 2859 spiritualibusc
407 2774 625 2858 praeferunt5
647 2773 797 2872 relipiosi
819 2783 925 2837 autem
971 2771 1114 2853 ontiflces
1136 2793 1259 2835 uanam

141 2857 284 2944 pluriam
307 2859 363 2922 des
388 2859 530 2938 icientes,
574 2879 637 2920 uae
652 2857 716 2921 Des
737 2867 814 2922 sunt
835 2880 919 2922 carn
955 2856 1029 2921 ibus
1042 2855 1138 2920 rebus
1184 2877 1257 2918 rae·

136 2952 277 3028 ponunt.
321 2942 352 3006 Il
364 2944 379 3006 i
399 2941 460 3006 in‘¹
483 2965 515 3006 se
560 2941 758 3025 elinquentes
771 2939 881 3026 facile
898 2942 1059 3026 puniunt,
1092 2941 1129 3004 in
1151 2879 1259 3004 geum

134 3037 308 3112 peccantes
330 3051 368 3092 ae
390 3049 432 3091 uo
455 3029 565 3090 animo
579 3025 718 3110 ferunt;
745 3027 803 3090 isti
829 3027 865 3090 in
895 3048 927 3090 se
949 3023 1165 3110 peccantibus
1195 3025 1258 3088 cito

138 3113 345 3197 ipnoscunt0,
404 3133 476 3175 eum
504 3107 737 3194 offendentibus
767 3133 833 3175 non
861 3109 973 3174 leviter
996 3117 1155 3193 parcunt.
1199 3105 1259 3170 Illi

138 3197 278 3259 terrenis
300 3195 425 3260 actibus
451 3196 590 3258 nimium
620 3195 724 3259 dediti
752 3193 947 3281 spiritualia
963 3193 1069 3278 parui
1088 3192 1257 3276 pendunt;

138 3279 196 3343 isti
231 3277 379 3344 coelestia
416 3278 526 3342 sedulo
562 3278 754 3343 meditantes
787 3301 870 3365 quae
906 3286 982 3342 sunt
1016 3286 1147 3341 terrena
1182 3297 1266 3352 cou-¹

139 3371 317 3446 tempnunt.
362 3360 571 3426 Admonendi
592 3371 669 3427 sunt
682 3385 759 3450 erpo
776 3385 884 3428 omnes
899 3362 1084 3441 christiani,
1107 3361 1165 3446 qui
1186 3380 1259 3422 cum

143 3445 269 3512 Cbristo
290 3469 432 3532 reqnare
455 3449 604 3531 cupiunt,
630 3469 670 3511 ne
693 3447 867 3512 ambitione
889 3444 1069 3510 saecularis
1084 3444 1259 3528 potestatis

139 3553 281 3616 reynare
308 3529 465 3616 affectent,
502 3530 558 3594 sed
584 3533 699 3616 potius
725 3553 813 3616 prae
846 3528 948 3594 oculis
982 3527 1132 3608 babeant,
1169 3527 1256 3612 quod

140 3613 251 3679 beatus
275 3613 458 3700 Greqorius
477 3637 575 3700 papa
596 3617 823 3680 sanctissimus
844 3616 881 3678 in
904 3612 988 3677 libro
1003 3609 1175 3697 pastorali
1196 3611 1254 3674 ad·

138 3708 251 3782 monet,
282 3700 410 3763 dicens:
440 3699 541 3764 ‘Inter
563 3699 641 3763 baec
663 3701 774 3786 itaque
797 3699 878 3784 quid
900 3697 1108 3782 sequendum,
1136 3695 1256 3780 quidne
1265 3712 1301 3755 10.
1312 3713 1333 3755 ⁹.

140 3783 328 3864 timendum,
356 3785 425 3847 nisi
454 3792 490 3846 ut
510 3783 687 3848 uirtutibus
709 3783 839 3869 pollens
866 3790 996 3847 coactus
1024 3781 1070 3844 ad
1094 3779 1256 3866 repimen‘

139 3869 260 3950 ueniat,
289 3867 463 3932 uirtutibus
484 3889 610 3931 uacuus
640 3879 721 3932 nect
750 3876 880 3932 coactus
907 3865 1060 3930 accedat!
1106 3863 1201 3938 Quod
1227 3866 1257 3928 si

142 3952 187 4014 ad
214 3952 427 4037 apostolicam
453 3952 569 4031 sedem,
595 3951 633 4014 in
663 3975 729 4037 qua
756 3953 818 4015 rite
845 3950 994 4016 ordinati
1020 3950 1143 4012 meritis
1172 3947 1257 4012 beuti

86 4062 89 4068 ·
140 4035 230 4100 Petri
252 4035 392 4120 apostoli
405 4035 551 4100 meliores
571 4033 770 4120 efficiuntur,
793 4037 851 4120 qui
859 4035 986 4100 Deumh
1008 4034 1129 4115 timent,
1152 4032 1257 4096 coacti

141 4121 276 4184 ueniunt
298 4143 371 4184 cum
392 4142 512 4206 mapna
540 4121 672 4186 timore:
703 4121 748 4184 ad
776 4121 873 4206 requi
894 4119 1011 4183 solium
1029 4139 1111 4201 cum
1133 4125 1255 4202 quanto

140 4290 164 4342 e)
180 4291 236 4330 deest
251 4292 301 4342 Rea.
316 4293 363 4332 rell.
442 4291 467 4344 b)
484 4293 539 4331 deest
556 4295 575 4332 1.
650 4291 671 4344 c)
688 4292 757 4332 rebus
772 4292 822 4333 add.
837 4292 888 4342 Ru.
964 4287 987 4342 d)
1003 4289 1028 4330 in
1046 4311 1071 4320 -
1087 4289 1125 4330 isti
1141 4289 1217 4329 desunt
1234 4289 1253 4329 1.

139 4351 162 4402 e)
180 4354 351 4399 cognoscuntl.
389 4349 522 4402 Orsgnum
532 4353 553 4392 1.
592 4349 660 4404 mne
678 4355 698 4394 1.
734 4350 925 4402 h)qu1stim.l.
