3114 4814
324 345 375 395 DE
396 345 555 397 UNITATE
576 345 779 399 uectaslau
800 347 1079 402 CONSERVANDA.
1210 352 1262 402 129

137 511 360 599 spiritualibus
382 512 555 578 virtutibus
581 523 656 578 sunt
690 516 858 598 contraria,
885 514 1028 600 habebit,
1056 517 1111 582 sed
1144 527 1176 582 et
1203 540 1263 604 per

139 597 329 696 hypocrisin
349 598 436 683 ipsas
458 619 493 662 se
514 598 647 662 virtutes
669 598 788 664 habere
810 598 985 670 simulabit.
1029 602 1073 664 Et
1085 601 1187 684 flunt,
1214 603 1261 667 in·
1270 628 1326 670 nuc.
1336 629 1370 676 ιι,
1378 629 1416 672 ss.

164 692 210 746 u1t
236 681 407 762 Dominus,
437 683 615 746 novissimo
648 684 790 748 bominis
817 684 908 749 illins
932 687 1054 767 peiora
1103 687 1260 751 rioribus.

139 704 228 830 Doce
251 767 337 830 enim
359 767 422 850 ipsi
445 787 479 830 se
502 767 602 830 iustos
624 777 657 832 et
676 767 840 852 regulares
863 790 933 832 esse
961 709 1136 833 monaciios
1163 771 1264 854 proti-¹

139 858 257 929 tentur,
285 851 340 936 qui
371 849 467 913 etiam
498 849 670 914 simulacra
694 873 920 936 perversorum
942 851 1130 935 dogmatum
1152 853 1261 920 colunt

139 945 172 998 et
199 944 404 1015 venerantur,
432 955 514 1020 quae
541 934 693 999 conflavit
717 934 865 1000 diabolus
893 935 926 998 in
954 935 1085 1000 officina
1109 946 1141 1002 et
1162 937 1259 1003 domo

138 1018 203 1099 illa,
233 1039 316 1104 quae
338 1027 432 1082 vacat
460 1040 480 1082 a
509 1027 632 1104 septem
654 1019 872 1104 spiritualibus
893 1019 1066 1085 virtutibus
1088 1030 1120 1086 et
1141 1021 1260 1086 divinis

137 1103 357 1185 sacramentis,
386 1101 427 1166 ds
456 1102 573 1188 quibus
604 1103 683 1168 dicit
712 1101 890 1186 Psalmista,
914 1105 1082 1189 quoniam:
1111 1105 1258 1191 Eloquia
1267 1125 1353 1178 ran,
1363 1127 1384 1170 r.

138 1187 278 1251 Domini
297 1185 427 1272 eloquin
451 1196 553 1268 casta,
576 1187 723 1274 septuplo
746 1199 823 1252 sunt
842 1198 1006 1274 purgato,
1030 1210 1088 1273 per
1109 1189 1258 1253 timorem

138 1269 262 1335 scilicet
282 1269 426 1349 Domini,
456 1293 515 1354 per
543 1270 706 1355 pietatem,
758 1295 793 1336 er
820 1271 997 1354 scientiam,
1021 1294 1080 1356 per
1099 1271 1258 1338 fortitudi-

137 1376 228 1436 nem,
260 1375 319 1440 per
351 1351 537 1436 consilium,
561 1377 620 1438 per
651 1294 863 1438 inteliictum,
892 1377 952 1441 per
982 1357 1189 1455 sapientiam,
1221 1368 1258 1422 ut

137 1438 256 1504 exinde
271 1448 405 1519 constet,
420 1439 477 1502 uni
492 1449 524 1504 et
539 1439 716 1523 septiformi
731 1439 885 1504 ecclesiae
905 1461 971 1503 non
988 1439 1052 1504 aha
1072 1441 1257 1526 recipienda

135 1544 207 1588 esse
222 1521 359 1608 eloquia,
381 1522 443 1586 nisi
457 1521 707 1608 septempliciter
720 1533 859 1610 purgata
872 1533 969 1609 atque
983 1524 1128 1609 probata.
1161 1523 1257 1590 Unde

135 1615 169 1671 et
190 1615 319 1670 sanctus
341 1605 572 1671 Benedictus1:
599 1621 788 1676 &minuenda
818 1631 863 1686 en,
889 1608 1002 1692 inquit,
1031 1622 1107 1675 nocta
1132 1623 1258 1676 dominici

133 1698 209 1749 scola
220 1695 331 1760 servitii,
349 1697 378 1747 in
394 1713 449 1762 quc
467 1695 630 1748 institutione
648 1694 719 1747 nibil
732 1713 865 1762 asperam,
883 1696 953 1749 nibil
968 1714 1051 1764 prave
1070 1697 1257 1750 constituturos

135 1786 290 1838 speramus,
309 1771 357 1822 sed
376 1778 399 1821 et
414 1769 439 1820 si
453 1769 519 1836 qaid
533 1769 678 1835 paululum
690 1769 845 1833 districtius,
859 1769 975 1822 dictante
989 1767 1131 1836 aequitatis
1144 1771 1256 1834 natiom,

128 1852 244 1910 propter
269 1843 477 1895 emendationem
501 1842 626 1894 vitiorum
649 1843 692 1894 ccl
710 1843 933 1894 conscentonnn
952 1843 1072 1894 caritatis
1087 1845 1255 1908 processerit,

133 1934 189 1968 non
212 1915 272 1968 ilico
292 1933 395 1982 pavone
414 1915 574 1981 perterritus
598 1916 719 1982 resayias
744 1916 815 1966 viam
838 1917 941 1980 salutis,
968 1933 1037 1982 qnos
1062 1933 1116 1966 non
1141 1924 1179 1968 est
1202 1915 1256 1967 nisi

134 1999 249 2058 depasto
274 1988 352 2041 initio
375 1989 545 2054 incipienda;
568 2005 775 2056 processuum
795 1987 1000 2040 conversationis
1020 1997 1044 2040 st
1054 1985 1124 2054 fidei
1142 1987 1260 2040 dilatato·

132 2063 221 2126 corde,
240 2062 417 2116 inenarrabili
435 2061 582 2114 dilectionis
607 2063 748 2114 dulcedine
773 2059 890 2112 camur
914 2063 961 2114 nic
984 2061 1174 2112 mandatorum
1192 2059 1254 2124 Dci,

134 2147 166 2186 at
185 2138 218 2188 ab
237 2137 323 2202 ipsius
341 2153 479 2202 ninsqanm
497 2135 647 2203 mopistcrio
666 2136 837 2198 discedentes,
856 2135 886 2185 in
901 2134 958 2186 eius
977 2132 1101 2186 doctrina
1120 2135 1256 2200 usquead

132 2219 242 2262 mortem
266 2208 295 2261 in
314 2209 472 2261 monasterio
491 2217 704 2274 pnsccernntcs,
718 2207 893 2274 passionibus
910 2206 1008 2260 carna
1027 2206 1256 2274 perpotentiam

131 2290 327 2358 participemur
335 2298 357 2355 ⁸,
381 2300 411 2342 ut
433 2290 510 2359 repni
535 2289 591 2342 eius
616 2307 765 2342 mercamur
790 2307 845 2342 csse
870 2299 1010 2342 consortes.
1058 2273 1111 2337 Ex
1134 2273 1182 2338 his
1204 2273 1256 2339 vel

133 2361 247 2444 paucis
270 2359 377 2425 verbis
404 2358 522 2442 poterit
543 2356 762 2442 consyderari,
785 2379 883 2443 quam
906 2355 1082 2444 spiritualis
1105 2358 1147 2421 sit
1167 2359 1256 2423 insti·

118 2444 216 2507 ,tutio
245 2452 343 2590 atpue
373 2442 519 2507 doctrina
545 2442 723 2507 beatissimi
751 2441 928 2524 Benedicti,
956 2443 1011 2528 qui
1040 2440 1145 2522 docet,
1173 2443 1257 2507 inter

133 2537 243 2592 cetera
264 2548 410 2591 aumnos
433 2547 508 2590 suos
530 2524 737 2610 passionibus
752 2524 872 2590 Christi
895 2548 953 2610 per
974 2525 1161 2610 patientiam
1183 2549 1255 2610 par-

132 2612 272 2696 ticipari,
292 2615 361 2758 pui,
377 2635 449 2676 cana
465 2613 502 2674 in
508 2611 627 2694 formu
642 2609 708 2673 Dei
723 2619 812 2690 esset,
835 2610 1023 2673 humiliavit
1038 2619 1132 2673 semet
1146 2612 1327 2693 tpsnmrn.
1337 2633 1385 2684 ac.
1395 2632 1418 2672 s.

121 2697 244 2780 factus
272 2697 422 2760 oediens
455 2717 558 2780 usqne
591 2695 637 2758 cd
663 2702 811 2775 mortem,
839 2703 970 2757 mortem
1000 2702 1106 2756 autem
1137 2695 1255 2774 crucis,

132 2780 226 2844 cuius
263 2779 386 2844 scilicet
421 2778 675 2842 mortificationis
711 2776 895 2862 exemplum
927 2774 980 2840 vel
1011 2773 1165 2839 indicium
1207 2787 1257 2841 est

132 2863 317 2929 renuntiare
343 2862 463 2926 mundo
499 2873 531 2927 et
558 2863 685 2926 actibus
714 2861 784 2926 eius
810 2882 849 2924 ac
871 2859 1058 2946 desyderiis,
1082 2860 1158 2945 quia
1185 2861 1256 2961 ipse

133 2949 213 3012 dicit
227 2947 402 3012 Dominus:
427 2944 494 3020 Qut
508 2969 574 3010 non
591 2949 662 3012 acci
687 2948 722 3028 it,
743 2945 776 3008 in
801 2945 902 3026 uiens,
925 2966 1051 3009 crucem
1066 2953 1095 3008 et
1110 2967 1141 3008 sc
1164 2928 1348 3041 ustarlssttss·

131 3057 192 3114 me,
223 3055 290 3097 non
318 3041 364 3095 est
391 3053 440 3096 nae
467 3032 599 3117 dipnas.
642 2970 686 3094 lii
716 2967 803 3116 quod
831 3029 927 3093 docet
948 3029 1018 3114 ipse
1040 3037 1133 3114 pater
1183 3051 1255 3093 ene-

132 3117 250 3197 dictus,
286 3116 537 3180 conversantesb
570 3115 604 3178 in
637 3113 725 3178 scola
757 3113 880 3178 servitii
909 3111 1010 3178 divini
1041 3134 1107 3176 non
1137 3111 1255 3178 debere

131 3221 276 3286 unquam
305 3198 469 3263 discedere
498 3221 518 3263 a
546 3199 732 3283 magisterio
756 3197 884 3278 Christi,
906 3196 968 3261 hoc
989 3204 1038 3261 est
1066 3195 1154 3296 quod
1176 3197 1257 3262 dicit

132 3285 273 3350 Iacobus
294 3281 475 3368 apostolus:
507 3281 625 3364 Nolite,
658 3283 817 3368 inquiens,
842 3282 960 3367 plnres
990 3283 1144 3378 mapzstri
1163 3281 1254 3364 fleri,
1264 3306 1312 3348 ιω.
1322 3307 1343 3358 s,
1353 3309 1373 3347 1.

121 3369 258 3454 fratres
272 3369 344 3448 mei,
367 3370 524 3452 quoniam
545 3370 655 3431 moins
676 3368 840 3431 indicium
862 3367 1002 3444 sumitis,
1024 3365 1109 3426 nrsi²
1132 3365 1347 3434 dicatisrcor.
1355 3392 1416 3442 1,1o.

132 3455 171 3518 id
193 3455 207 3516 i
232 3474 304 3517 sana
323 3474 441 3532 omncs,
464 3461 493 3514 et
514 3473 580 3516 non
603 3453 670 3514 sint
690 3454 728 3515 in
750 3451 839 3514 vobis
862 3452 1026 3529 scismata,
1039 3450 1123 3511 'sitis
1146 3457 1254 3512 cutem

128 3477 272 3622 persisti
299 3538 337 3600 in
365 3535 473 3599 codena
503 3558 611 3616 sensu,
640 3543 668 3599 et
695 3537 732 3599 in
761 3535 873 3598 endem
902 3533 1074 3596 sententia.
1126 3530 1192 3595 Sed
1219 3532 1253 3594 in

131 3620 347 3700 monasteriis,
369 3619 426 3683 ubi
448 3617 490 3682 ad
505 3619 749 3684 conversionem
763 3618 905 3698 veniunt,
929 3639 1032 3702 usque
1054 3615 1095 3680 ad
1118 3625 1255 3680 mortem

157 3725 340 3770 erseverare
369 3702 545 3766 monachos
577 3711 610 3766 et
635 3700 748 3787 regula
780 3701 925 3766 eiusdem
958 3702 1059 3786 patris
1086 3699 1255 3765 Benedicti

132 3790 272 3854 mstituit
298 3797 330 3854 et
357 3785 629 3852 Chalcedonensis
658 3785 800 3872 synodus
832 3784 892 3852 sub
921 3784 1132 3850 anathematis
1160 3785 1255 3848 inter-

131 3874 295 3961 positione
317 3870 469 3952 decrevit,
492 3872 555 3934 nisi
575 3870 657 3936 forte
678 3871 797 3935 filerint
818 3871 955 3956 quaesiti
981 3890 1000 3932 a
1026 3869 1165 3933 civitatis
1188 3868 1254 3952 epi·

133 3978 232 4042 scopo
264 3965 397 4042 propter
433 3976 564 4019 causam
595 3955 809 4018 necessariam
842 3951 1007 4034 ecclesiae,
1043 3954 1137 4016 iuxta
1168 3950 1254 4037 quod

128 4119 155 4172 a)
171 4120 340 4171 participemus
357 4119 437 4160 Benat.
498 4115 522 4168 b)
540 4119 704 4157 conservantes
721 4117 748 4164 15
763 4113 854 4156 Sobara.
870 4116 996 4156 emendavit.

133 4233 163 4300 l)
189 4201 292 4285 Benedi
311 4236 390 4299 Reg,
408 4231 476 4299 prol.
551 4228 580 4296 2)
606 4230 674 4279 Mire
694 4221 829 4280 bic'duae
849 4229 1015 4281 diversorum
1035 4231 1173 4278 auctorum
1193 4240 1254 4277 sen-

129 4309 234 4358 tentiae
253 4310 280 4358 in
299 4323 379 4359 unam
400 4306 558 4357 conflantur.

1004 4385 1020 4433 9
