3098 4818
269 371 302 418 12
559 365 681 418 BRUNO
699 366 749 416 DE
767 365 887 416 BELLO
906 363 1094 414 snxomco

267 537 422 602 nominati
450 533 651 600 Coloniensis
685 532 927 618 archiepiscopi.
978 531 1124 596 Eandem
1153 533 1387 631 querimoniam

266 622 411 686 fecerunt
430 618 473 682 ad
493 621 630 683 invicem
653 639 764 682 omnes
801 637 880 680 acne
894 617 987 700 regni
1001 617 1191 681 Teutonici*¹
1204 619 1387 704 principes3

269 706 326 770 sed
347 714 454 768 tamen
476 702 583 789 palam
604 700 710 765 nullus
730 639 871 764 audebat
891 699 993 782 fateri,
1013 710 1102 764 tanto
1123 724 1183 765 rex
1204 713 1274 767 erat
1287 703 1388 766 omni-

267 791 329 855 bus
351 788 474 853 terrori.
512 787 567 851 Sic
589 787 735 872 quamvis
757 783 816 848 soli
832 783 977 848 Saxones
998 783 1060 848 hoc
1079 794 1188 870 aperte
1202 787 1389 850 viderentur

266 875 407 959 incipere
428 869 558 952 bellum,
579 879 688 934 tamen
708 890 773 932 non
793 869 936 952 ipsorum
958 867 1158 934 solummodo
1180 869 1312 934 consilio
1326 870 1389 934 fuit

267 959 440 1042 inceptum.
478 955 544 1035 Qui
565 976 638 1018 cum
661 964 708 1017 tot
728 963 761 1017 et
781 961 886 1016 tantas
908 950 1158 1018 calamitateset
1179 953 1388 1018 contumelias

268 1039 387 1125 singuli
412 1048 608 1125 paterentur,
637 1037 714 1100 dum
739 1038 875 1121 quisque
902 1058 995 1099 suum
1022 1035 1244 1102 tantummodo
1270 1037 1388 1102 vulnus

268 1125 406 1206 dolebat,
421 1133 454 1187 et
466 1125 604 1188 intactus
618 1120 724 1184 adhuc
738 1119 904 1184 vulnerato
919 1141 985 1183 non
1006 1120 1205 1203 condolebat,
1224 1124 1389 1186 communi

268 1208 352 1272 malo
385 1228 450 1271 non
481 1205 674 1271 resistebant
706 1205 869 1268 communi
902 1203 1045 1268 consilio.
1103 1206 1175 1269 Rex
1205 1205 1389 1270 universale

269 1293 423 1356 damnum
438 1289 639 1388 disponebat,
657 1287 745 1352 etad
760 1287 821 1351 boc
837 1286 999 1434 ‹puaelibet
1012 1288 1243 1373 impedimenta
1256 1288 1389 1376 repelle·

268 1378 334 1456 bat,
363 1385 395 1440 et
423 1374 546 1438 auxilia
575 1372 692 1458 quibus
720 1393 778 1434 sua
798 1392 884 1434 maa
903 1371 1051 1435 voluntas
1072 1371 1267 1458 impleretur,
1289 1373 1389 1437 unde·

270 1481 398 1545 cunque
426 1457 614 1543 quaerebat3
642 1454 687 1518 illi
708 1477 785 1518 vero
807 1465 956 1538 putantes
970 1455 1109 1541 speciale
1124 1456 1254 1537 malum,
1277 1466 1390 1521 eontra

270 1564 473 1608 communem
494 1541 669 1624 perniciem
688 1537 776 1602 nulla
790 1538 983 1604 defensionis
998 1541 1208 1605 instrumenta
1221 1541 1387 1628 parabant.

269 1626 337 1708 Ille,
387 1647 430 1688 uo
459 1623 584 1688 facilius
612 1632 743 1686 cunctos
768 1633 805 1685 ut
824 1621 953 1688 volebat
975 1625 1180 1709 opprimeret,
1206 1627 1295 1710 prius
1316 1624 1389 1689 illos

269 1712 304 1773 in
326 1649 444 1857 quiippe
470 1729 582 1773 eorum
608 1709 710 1772 virtus
732 1708 872 1770 maxime
894 1705 1009 1788 stabat,
1032 1707 1174 1792 singulos
1194 1707 1389 1774 labefactare

268 1805 333 1858 tem
358 1805 391 1858 ta
413 1803 456 1857 at.

195 1889 260 1930 1⁰⁷⁰·
334 1817 405 1942 p19.
449 1876 601 1941 Ottonem
623 1874 773 1960 denique,
795 1875 899 1937 virum
921 1873 1112 1959 prudentem
1134 1885 1167 1940 et
1186 1875 1310 1957 fortem,
1354 1878 1390 1940 ui

269 1963 386 2026 natusb
409 1984 426 2025 e
449 1959 592 2026 Saxonis
614 1957 682 2022 dux
703 1969 772 2022 erat
793 1959 826 2020 in
847 1958 1004 2037 Bawaria,
1034 1961 1122 2023 omni
1143 1959 1314 2024 calliditate
1333 1899 1389 2025 de

270 2067 390 2131 ponere
412 2043 595 2130 quaerebat,
617 2043 695 2127 quia
715 2041 805 2104 illum
828 2063 902 2104 cum
924 2043 1073 2106 omnibus
1095 2044 1268 2108 Bawariis⁶
1291 2044 1390 2110 Saxo-

270 2152 327 2193 nes
356 2129 540 2193 adiuturum
561 2148 626 2190 non
648 2125 824 2189 dubitabat.
868 2125 958 2209 Ergo
980 2128 1140 2211 quendam
1162 2129 1291 2192 nomine
1312 2129 1389 2192 Ein-

270 2235 386 2276 nonem
394 2213 419 2291 θ,
448 2220 574 2296 praeter
602 2209 769 2272 audaciam
791 2208 889 2271 nichil
910 2211 1037 2274 virtutis
1058 2211 1256 2291 habentem¹,
1283 2215 1389 2298 pretio

271 2297 426 2360 conduxit
450 2305 482 2358 et
510 2291 775 2379 promissionibus
804 2291 1001 2374 sollicitavit,
1029 2305 1066 2360 ut
1094 2295 1207 2360 ducem
1236 2295 1277 2361 de
1303 2298 1390 2382 regis

270 2389 373 2444 morte
395 2399 504 2442 secum
526 2387 679 2441 tractasse
701 2375 828 2455 diceret,
850 2387 883 2440 et
903 2377 983 2440 hoc⁰
1005 2401 1050 2459 se,
1072 2381 1099 2442 si
1119 2389 1261 2464 negaret,
1283 2382 1390 2480 singu-

270 2461 331 2526 lari
362 2461 445 2527 bello
481 2461 688 2542 probaturum
724 2461 934 2545 promitteret.
986 2461 1054 2525 Itar
1085 2464 1268 2528 certaminis
1303 2463 1389 2529 illius

272 2548 443 2611 constituto
469 2545 530 2626 die,
557 2543 633 2609 Otto
659 2543 701 2607 ab
723 2545 834 2607 amicis
857 2545 923 2607 suis
945 2546 1106 2632 episcopis
1128 2557 1160 2611 et
1180 2545 1251 2610 aliis
1272 2549 1390 2633 princi-

271 2630 367 2730 pibus
389 2637 625 2716 praemonetur,
647 2626 734 2713 quod
757 2629 784 2690 si
807 2626 987 2692 Goslariam
1008 2631 1141 2711 veniret,
1169 2631 1226 2695 ubi
1247 2630 1390 2697 duellum

270 2716 341 2779 neri
362 2713 510 2795 debebat,
532 2713 657 2777 etiamsi
678 2711 897 2776 adversarium
912 2735 1007 2776 suum
1022 2715 1171 2796 vinceret,
1192 2725 1299 2779 tamen
1314 2719 1390 2782 inde

271 2821 346 2863 cum
367 2801 435 2862 vita
455 2819 520 2861 non
540 2797 667 2860 rediret.
705 2794 812 2880 Elegit
834 2817 911 2879 ergo
933 2796 1053 2861 honore
1074 2820 1133 2862 suo
1151 2800 1258 2884 potius
1273 2801 1390 2864 iniuste

270 2883 400 2968 privari,
423 2903 520 2966 quam
541 2879 604 2944 tale
625 2879 783 2942 iudicium
804 2878 922 2960 subire,
945 2879 1002 2943 ubi
1023 2882 1146 2947 sciebat
1166 2883 1229 2967 ipsi
1250 2884 1391 2949 iustitiae

270 2964 453 3030 violentiam
484 2963 562 3027 fieri.
610 2964 714 3046 Igitur
740 2962 783 3025 ad
812 2985 871 3026 sua
901 2965 1043 3046 recessit,
1077 2974 1110 3030 et
1140 2968 1298 3031 associato
1327 2967 1390 3032 sibi

270 3051 306 3113 M
371 3070 400 3130 o,
421 3048 503 3111 duce
519 3046 689 3125 Saxoniac,
712 3068 770 3131 per
790 3047 871 3110 duos
892 3046 959 3111 fere
978 3070 1078 3112 annos
1093 3071 1166 3113 cum
1180 3072 1256 3134 rege
1271 3050 1390 3116 bellum

197 3154 329 3196 macru
352 3131 399 3195 ele
427 3131 534 3216 gessit
578 3129 706 3193 Deinde
736 3129 877 3194 consiliis
904 3132 1081 3195 amicorum
1110 3135 1223 3214 coacti,
1252 3156 1325 3198 curn
1354 3157 1390 3199 se

270 3217 379 3301 regiae
407 3213 570 3278 traderent
594 3214 755 3297 potestati,
781 3236 840 3278 rex
869 3213 1022 3312 Magnum
1052 3217 1167 3281 ducem
1196 3218 1231 3280 in
1260 3239 1390 3283 carcere
1462 3297 1465 3303 Ι

271 3322 329 3364 suo
350 3321 409 3384 per
430 3299 590 3382 integrum
613 3297 775 3361 biennium
797 3298 907 3377 tenuit,
930 3309 975 3363 1ta
996 3310 1031 3362 ut
1052 3299 1158 3364 nullus
1180 3301 1214 3363 in
1234 3300 1296 3366 hoc
1311 3312 1390 3367 tem-

271 3405 349 3470 pore
371 3383 476 3462 sciret,
498 3390 606 3444 utrum
628 3383 752 3445 viveret
773 3379 824 3445 vel
846 3379 902 3444 ubi
924 3393 1017 3446 esset.

355 3467 406 3531 20.
450 3467 567 3529 Postea
599 3464 721 3550 legatos
757 3465 799 3528 ad
826 3486 936 3549 regem
965 3467 1154 3530 Danorum²
1186 3470 1276 3533 misit
1307 3469 1391 3534 ultra

271 3571 368 3631 mare,
391 3571 529 3634 eumque
552 3548 613 3612 sibi
635 3547 677 3611 ad
691 3547 905 3611 Bardanwich
925 3553 1052 3634 rogavit
1073 3573 1249 3633 occurrere,
1294 3575 1336 3616 uo
1358 3562 1392 3618 et

270 3636 340 3720 ipse
362 3656 437 3696 cum
458 3633 571 3718 paucis
586 3633 736 3717 perrexit,
759 3653 834 3694 cum
848 3631 936 3694 nulla
949 3633 1036 3697 fama
1050 3645 1193 3716 testetur,
1216 3576 1301 3722 qudd
1316 3647 1390 3701 ante

181 3758 183 3762 .
271 3740 346 3781 eum
375 3715 458 3779 ullus
479 3738 538 3778 rex
558 3717 591 3778 in
614 3714 682 3778 illas
704 3725 811 3800 partes
832 3719 1015 3800 pervenerit
1023 3729 1045 3781 ³.
1089 3720 1211 3803 Regem
1233 3719 1322 3782 illum
1344 3721 1391 3786 ibi

272 3800 403 3865 obvium
427 3798 549 3877 habuit,
571 3821 645 3862 cum
669 3820 706 3862 eo
730 3810 887 3862 secretum
909 3800 1105 3887 colloquium
1119 3803 1204 3884 lecit,
1228 3806 1282 3867 cui
1297 3803 1390 3868 collo-

273 3963 296 4015 ι)
320 3966 352 4004 ita
377 3966 396 4006 2.
419 3963 508 4012 obtqua*
528 3962 590 4000 modo
612 3963 677 4002 'l'eut
699 3963 760 4001 modo
783 3963 864 4002 Tbeut.
882 3964 902 4003 1.
992 3963 1016 4016 b)
1034 3977 1056 4006 n.
1074 3967 1102 4006 ds
1118 3967 1237 4006 Northsim
1253 3977 1267 4006 a
1283 3967 1337 4006 Sex.
1356 3961 1389 4006 lb.

275 4023 296 4076 c)
311 4025 343 4062 na
359 4026 386 4074 ἲς
402 4023 506 4062 Bassaris
523 4022 545 4060 1.
605 4017 629 4071 d)
645 4021 774 4060 Emnonsm
791 4023 811 4061 l.
872 4019 894 4071 e)
910 4023 965 4061 deest
981 4026 999 4064 1.
1060 4023 1079 4075 f)
1094 4025 1176 4074 Itaque
1193 4021 1227 4064 lb.

275 4137 304 4200 1)
324 4135 394 4186 mm
413 4137 445 4186 de
466 4134 667 4199 Ooaradesburp
686 4144 779 4184 aarum
790 4136 889 4200 faisse,
909 4135 1079 4187 detestetur
1093 4137 1235 4202 probavit,·
1255 4137 1289 4202 ef.
1305 4137 1390 4188 ‘Neue

274 4208 396 4260 Mistheit.
410 4211 456 4260 des
475 4207 668 4258 Thus-Secta.
691 4206 805 4258 Vere-ias'
825 4208 873 4270 IX,
887 4210 913 4271 3,
929 4209 972 4258 28.
999 4210 1032 4262 W.
1090 4209 1119 4272 2)
1133 4211 1283 4261 Susannam
1302 4209 1351 4276 Ulfi
1365 4217 1389 4261 ct

273 4281 391 4404 liliata:
402 4283 500 4403 βῗὶἒιὲπι,
511 4298 593 4402 Ipsae
614 4279 712 4331 Canuti
730 4298 805 4330 soror
816 4284 921 4346 fuerat.
958 4283 992 4333 W.
1080 4284 1110 4347 3)
1127 4283 1167 4350 Cf.
1187 4283 1305 4334 Annales
1321 4281 1388 4333 Eia·
