3116 4822
277 361 313 411 to
472 359 523 410 DE
542 353 702 409 UNITATE
722 351 927 406 acchaeus
948 352 1224 405 CONSERVANDA.

275 535 315 592 ut
334 524 457 589 ibidem
478 525 586 609 potius
608 522 763 608 proficere
786 532 904 608 posset.
939 521 1100 601 Quoniam
1120 535 1177 587 atta
1195 543 1241 597 ea,
1260 519 1366 605 inquit
1379 532 1401 601 ¹,

281 632 365 668 causo
384 614 507 666 utilitatis
527 619 551 666 ct
568 613 739 676 necessitatis,
764 621 788 663 ct
808 610 865 664 atio
886 609 1018 662 avaritiae
1037 619 1061 663 ct
1076 609 1302 677 praesumptione
1323 615 1402 676 atqua

274 689 406 757 propriae
424 687 579 740 volontatis.

368 756 397 818 t.
441 754 559 820 Utrum
585 761 692 818 autem
721 752 764 818 sit
783 762 894 837 pastor
915 773 957 816 an
979 751 1228 832 mercennarius,
1250 749 1403 834 cognosci

279 840 436 905 veraciter
456 859 522 902 non
543 846 659 923 potest,
682 837 710 900 si
732 837 861 900 occasio
882 835 1084 900 necessitatis
1105 834 1204 900 deest.
1247 834 1342 899 Unde
1369 841 1404 898 et

279 925 364 989 inter
398 932 503 987 cetera
537 942 621 1008 quae
648 931 724 985 sunt
750 920 909 986 eiusmodi
935 918 1048 984 scribit
1069 929 1199 984 sanctim
1222 917 1402 1003 Gregorius

280 1009 315 1072 in
342 1005 499 1072 homiliis:
526 1020 631 1087 Lupus,
656 1005 836 1089 inquiens²,
866 1018 1054 1086 capessentem
1078 1016 1190 1082 indicat,
1216 1034 1267 1084 qao
1292 1017 1404 1082 quicqua

283 1105 372 1158 maimo
405 1122 487 1171 super
520 1102 607 1172 precis
638 1103 786 1155 custodiam
813 1104 908 1156 stabat.
972 1085 1060 1150 Ecce
1097 1086 1183 1149 enim
1218 1083 1403 1150 Henriehus

281 1196 356 1256 rex,
389 1195 454 1237 non
480 1181 517 1236 ut
545 1171 744 1256 dispergeret
770 1193 846 1236 oves
874 1170 1003 1250 Christi,
1038 1169 1094 1234 sed
1126 1179 1163 1234 ut
1192 1176 1405 1255 congregaret

282 1279 336 1324 aas
369 1258 403 1320 in
435 1277 551 1336 unum,
583 1255 746 1340 profectus
780 1266 828 1320 est
859 1254 1033 1336 Romam³,
1064 1255 1238 1340 praecipue
1270 1251 1403 1318 studens

281 1350 337 1406 aut
369 1363 443 1406 cum
465 1338 679 1404 Hildebranto
711 1338 816 1404 redire
848 1339 882 1402 in
909 1338 1084 1423 gratiam⁴,
1119 1348 1184 1420 aut,
1212 1338 1241 1402 si
1269 1337 1303 1402 id
1331 1337 1403 1400 fieri

281 1447 347 1489 non
372 1433 493 1509 posset,
520 1423 713 1488 substituere
741 1423 840 1487 alium
862 1444 990 1510 papam,
1013 1422 1069 1508 qui
1091 1431 1213 1486 amaret
1258 1443 1349 1486 acam
1371 1431 1405 1484 et

282 1506 519 1592 euangelizaret
539 1526 663 1592 pacem,
687 1528 760 1570 cum
781 1507 847 1571 iam
866 1507 1046 1593 perplures
1061 1527 1162 1570 annos
1178 1508 1217 1571 be
1242 1527 1297 1569 um
1311 1503 1404 1568 undi-

283 1615 346 1679 que
369 1591 543 1656 vastaverit
563 1589 746 1655 Romanum
769 1591 898 1674 orbem,
925 1593 1003 1656 sed⁵
1025 1589 1078 1654 ille
1100 1591 1204 1654 noluit
1224 1612 1334 1676 regem
1355 1610 1404 1652 re-

282 1677 311 1741 ci
337 1697 400 1756 ere,
429 1677 529 1738 immo
558 1675 681 1761 respuit
709 1697 782 1742 eum
810 1673 931 1761 alloqui
956 1673 1009 1741 vel
1036 1674 1156 1758 videre,
1182 1675 1246 1738 nisi
1276 1673 1405 1738 offerret

283 1697 345 1825 eiii
366 1757 474 1845 regale
497 1765 659 1844 sceptrum
681 1768 714 1824 et
733 1759 882 1824 redderet
902 1761 937 1822 in
951 1781 1065 1824 manus
1088 1781 1163 1823 suas
1177 1760 1300 1844 regiam
1315 1765 1404 1844 pote-

284 1851 398 1910 statem
421 1853 453 1908 et
474 1841 627 1907 honorem
651 1853 684 1908 et
705 1865 851 1930 regnum,
874 1842 967 1929 quale
988 1843 1112 1908 scilicet
1132 1843 1322 1929 mysterium
1345 1842 1405 1906 ini-

307 1927 416 1992 uitatis
445 1925 562 1991 dicitur
590 1949 610 1990 a
637 1926 779 1993 Domino
809 1950 905 2013 super
928 1929 1109 2014 principem
1131 1928 1221 2014 Tyri,
1251 1927 1405 2012 quoniam

120 1951 444 2084 retentetilevatum
459 2021 508 2076 cst
530 2032 586 2075 cor
600 2012 679 2094 eius,
701 2022 734 2077 et
748 2013 846 2078 dixit:
869 2013 969 2077 ‘Deus
984 2033 1046 2095 ego
1068 2034 1139 2076 sum
1154 2021 1186 2076 et
1203 2012 1238 2075 in
1253 2009 1406 2075 cathedra

123 2106 230 2146 ernon.
241 2104 276 2156 1⁸,
285 2097 351 2160 Dei
372 2095 460 2162 sedi'.
504 2094 578 2158 Non
605 2105 654 2160 est
682 2099 766 2160 enim
793 2105 935 2182 potestas
957 2097 1019 2160 nisi
1040 2118 1060 2160 a
1080 2096 1163 2176 Deo,
1191 2095 1331 2180 ideoque
1352 2092 1406 2158 vel

188 2165 209 2204 ¹·
284 2181 398 2245 Petrus
420 2181 571 2264 princeps
592 2179 813 2264 apostolorum
833 2201 898 2243 non
913 2181 1083 2266 usurpavit
1102 2179 1164 2244 sibi
1180 2179 1328 2244 ordinare
1350 2175 1406 2241 ali·

122 2262 366 2350 1‚p„,‚2‚13‚quid
388 2262 427 2327 de
449 2283 549 2348 regno
556 2287 565 2340 3
587 2263 658 2328 sed:
689 2263 844 2345 Subiecta,
866 2265 981 2350 inquit,
1004 2274 1098 2330 estote
1122 2267 1210 2330 omni
1231 2274 1405 2329 creaturae

279 2357 421 2432 propter
447 2347 570 2428 Deam,
600 2349 667 2412 ciac
696 2350 768 2434 rapi
795 2351 893 2432 quasi
915 2347 1142 2433 praecellenti,
1172 2350 1239 2412 sive
1266 2347 1405 2412 dacibus

284 2441 441 2516 tanquam
464 2431 504 2494 ab
526 2453 563 2496 co
584 2434 694 2497 missis
717 2433 763 2496 ad
777 2433 958 2498 vindictam
980 2431 1239 2517 malep‘actoram,
1263 2433 1309 2496 ad
1330 2431 1404 2495 loa·

285 2515 357 2580 dem
383 2536 458 2578 aero
488 2514 655 2580 honorum.
698 2515 786 2601 Ergo
808 2539 877 2598 rer,
900 2538 971 2580 oum
995 2515 1189 2582 obstinatum
1214 2537 1319 2602 papae
1341 2515 1407 2579 ani-

285 2619 373 2661 mum
402 2619 466 2662 non
495 2608 605 2684 posset
630 2599 785 2664 inclinare
813 2601 856 2665 ad
882 2600 1026 2665 studium
1048 2602 1137 2688 pacis
1162 2599 1226 2666 alia
1270 2601 1406 2664 actionis

286 2681 485 2765 condicione,
500 2683 564 2748 nisi
579 2683 708 2750 cederet
722 2706 833 2770 regno,
855 2684 942 2771 quod
956 2685 1030 2750 Deo
1046 2685 1213 2750 ordinante
1232 2623 1408 2750 obvenerat

286 2766 349 2831 sibi
370 2770 458 2832 avita
478 2767 599 2852 pariter
621 2777 653 2832 et
673 2779 807 2854 paterna
829 2770 1041 2848 successione,
1070 2778 1146 2834 tunc
1175 2769 1305 2834 demum
1327 2790 1407 2832 usus

286 2861 336 2916 est
358 2850 434 2916 belli
456 2852 656 2932 necessitate,
687 2874 762 2917 cum
788 2854 886 2917 ctiam
915 2853 1001 2919 idem
1023 2852 1219 2918 Hildcbrant
1239 2854 1407 2919 introitum

285 2935 450 2999 Romanae
466 2935 605 2999 civitatis
627 2937 689 3001 sibi
712 2935 925 3002 obstruxisset
946 2947 979 3002 et
992 2939 1155 3001 Romanos
1171 2936 1213 3000 ad
1227 2959 1408 3024 repugnan-

286 3019 364 3082 dum
385 3019 559 3082 animasset
567 3029 590 3100 ⁶,
614 3021 670 3104 qui
692 3019 808 3085 deinde
830 3023 978 3086 conversi
1005 3021 1047 3084 ad
1069 3019 1210 3086 studium
1233 3023 1335 3107 pacis,
1357 3023 1408 3089 vel

287 3101 375 3186 quod
403 3100 485 3164 bello
513 3102 656 3188 undique
683 3114 883 3189 urgerentur,
911 3105 963 3169 vel
990 3105 1077 3192 quod
1100 3115 1212 3170 contra
1233 3108 1407 3191 patricium

287 3207 381 3249 suum
402 3206 583 3270 repugnare
604 3187 741 3272 impium
755 3189 823 3253 fore
845 3188 1086 3271 arbitrarentur,
1108 3189 1299 3276 legationem
1314 3193 1407 3257 mise-

287 3279 362 3333 runt
370 3281 393 3350 a,
413 3277 564 3354 rogantes
586 3291 624 3334 ea
647 3292 730 3356 quae
752 3273 844 3358 pacis
866 3283 951 3356 sunt,
973 3275 1162 3358 persistente
1186 3273 1409 3341 Hildebrando

287 3373 373 3500 papa
394 3354 428 3416 in
450 3353 628 3420 obstinatae
650 3356 766 3420 mentis
787 3358 974 3440 intentione,
998 3379 1062 3444 qua
1083 3381 1193 3443 regem
1209 3359 1408 3426 chriohum

287 3439 321 3502 iu
344 3438 487 3502 icavcrat
515 3437 650 3522 dignum
680 3461 749 3504 esse
776 3441 850 3506 odio
873 3443 1025 3524 omnium,
1055 3451 1091 3506 ut
1116 3453 1167 3507 ote
1189 3447 1409 3509 excommuni-

288 3530 396 3584 catum
418 3543 438 3584 a
459 3543 503 3603 se,
525 3521 663 3622 ideoque
685 3523 853 3608 indignum
879 3547 952 3590 eum
975 3549 1044 3590 esse
1066 3463 1247 3612 aliquorum
1269 3532 1326 3614 qui
1346 3531 1408 3594 rite

289 3603 429 3668 colerent
450 3605 557 3669 Deum
583 3628 670 3688 vrsu,
700 3606 901 3673 allocutione.
949 3609 1043 3674 Unde
1073 3633 1148 3675 cum
1169 3611 1273 3693 vellet,
1300 3614 1409 3698 potius

289 3709 365 3752 oves
388 3687 507 3752 Christi
530 3687 674 3775 dispergi
701 3691 753 3756 vel
774 3693 889 3776 occidi,
916 3715 1013 3779 quam
1036 3715 1111 3759 cum
1133 3717 1209 3780 rege
1231 3697 1408 3781 pacificari,

291 3871 317 3934 1)
336 3869 407 3922 Ibid.
427 3871 531 3938 p.153.
590 3873 617 3938 2)
638 3875 761 3941 Gregorii
780 3876 870 3942 Opera
889 3877 912 3937 I,
931 3893 957 3944 p.
975 3878 1053 3930 1485.
1110 3880 1139 3943 3)
1158 3880 1190 3931 A.
1214 3877 1291 3942 1081,
1311 3878 1408 3944 Mart.;

289 3944 325 3995 cl.
344 3945 449 3995 initium
470 3961 493 3998 c.
506 3945 549 3998 17.
606 3949 635 4012 4)
655 3949 756 4000 Auctor
774 3966 865 4016 regem
883 3950 1097 4016 placabiliorem,
1117 3969 1197 4019 quam
1216 3968 1245 4003 re
1258 3968 1323 4003 vera
1343 3958 1408 4016 erat,

288 4019 340 4070 boc
359 4016 420 4069 loco
441 4018 563 4086 depingit
582 4021 629 4084 (cf.
648 4023 793 4074 Decretum
813 4023 908 4089 synodi
927 4025 1112 4091 Brixiniensis,
1130 4023 1200 4077 Jaffe
1216 4027 1251 4087 V,
1265 4025 1321 4092 64).
1352 4025 1407 4077 Sed

288 4108 321 4142 ne
343 4091 502 4157 Gregorium
523 4094 631 4159 quidem
652 4095 686 4146 ad
705 4113 801 4163 pacem
820 4113 980 4163 propensum
1000 4099 1092 4162 fuisso,
1116 4098 1206 4150 elucet
1231 4116 1264 4150 ox
1284 4099 1407 4166 epistulis

289 4166 346 4216 eius
377 4164 459 4228 (Jaffe
489 4166 527 4216 ΙΙ.
557 4169 626 4234 Reg.
645 4169 708 4233 VII,
733 4170 795 4232 14³3
826 4170 905 4234 VIII,
931 4169 990 4223 20³.
1014 4173 1070 4236 34).
1164 4171 1191 4237 b)
1225 4173 1266 4224 cf.
1298 4173 1361 4238 1.1,
1382 4173 1406 4225 6.

290 4237 319 4301 6)
341 4239 410 4304 Reg.
430 4239 508 4300 VIII,
531 4240 575 4292 34.
603 4247 630 4292 et
655 4243 698 4293 at.
794 4244 819 4309 7)
851 4243 891 4296 Of.
918 4245 1048 4297 Bernoldi
1072 4245 1162 4297 chron.
1193 4246 1254 4311 (SS.
1273 4249 1306 4312 V,
1325 4245 1410 4312 437);

288 4311 446 4362 Eklrehardi
466 4313 556 4365 chron.
577 4314 638 4381 (SS.
658 4317 706 4377 VI,
724 4315 801 4382 aot).
839 4316 881 4367 Ab
901 4317 942 4368 his
961 4334 1014 4369 non
1034 4322 1134 4372 mentio
1153 4319 1184 4373 fit
1202 4321 1355 4389 legationis.
