3114 4814
420 349 543 402 BRUNO
563 350 613 400 DE
633 348 753 400 BELLO
774 349 964 403 ssxonlco.
1204 355 1256 404 VII

135 517 316 580 censendus
338 520 390 582 sit.
433 517 519 582 Sunt
547 517 632 581 enim
661 517 724 581 loci
749 515 910 598 nonnulli,
940 519 1058 602 quibus
1087 521 1255 606 utriusque

135 599 312 744 sertiptores
333 602 419 666 idem
434 601 633 748 vibabulfflij
641 601 774 702 'diuersa'
793 600 988 748 iptetllenisse
1010 613 1038 666 et
1059 607 1255 753 555Ξὶ55ἒ55

161 705 282 764 ae,e.
328 710 431 754 .55.
497 709 584 766 ,ui
634 707 790 750 islensis
822 708 902 754 ecio
947 707 1033 750 mmo
1056 709 1096 750 55
1156 713 1177 752 a
1223 712 1253 752 e-

127 705 292 852 7559555
303 705 422 832 95155777
456 707 669 832 emendandil
694 777 773 832 erat.
835 707 945 842 05557
974 782 1081 834 autem
1114 712 1199 835 57759
1217 775 1253 836 in

134 859 271 935 utroque
298 853 405 916 eodem
433 853 527 917 modo
543 861 731 937 peccentur,
761 876 787 916 5.
809 876 840 938 p.
864 875 937 936 cop.
959 851 1011 936 56,
1039 855 1095 919 ubi
1123 864 1254 940 uterque

134 955 175 996 en
186 933 283 1017 fonte
304 938 374 1000 iam
396 947 549 1021 corrupto
565 936 734 1000 Eloln‘berti
754 938 957 1002 marchionis
979 961 1093 1002 nomen
1108 937 1254 1003 Erriber-

132 1025 202 1080 tum
224 1017 322 1103 effert,
344 1020 584 1104 protelandum
606 1029 661 1101 est,
688 1021 774 1104 qnod
794 1024 831 1086 in
854 1029 942 1085 teoctu
967 1023 1165 1087 restituendo
1194 1045 1211 1087 5
1237 1046 1253 1087 5

218 1107 256 1182 2)
278 1102 475 1168 Annalistae
490 1103 639 1169 Sanonis
654 1106 703 1167 uti
717 1102 799 1167 licet.
816 1183 820 1188 1
845 1103 911 1178 Qui
926 1107 1028 1169 anuis
1046 1047 1253 1172 1067-1082

126 1183 281 1330 plurimo
308 1209 349 1251 55
378 1189 548 1253 Brnnonis
576 1212 616 1252 ca
641 1187 741 1252 itibus
772 1189 800 1250 1.
831 1189 861 1252 5.
893 1190 941 1254 16.
972 1188 1087 1254 2-15.
1119 1190 1252 1256 17-31.

154 1267 185 1335 2.
202 1267 265 1333 -31.
295 1271 430 1336 33-47.
460 1271 512 1335 52.
538 1271 619 1336 47-
647 1271 674 1334 1.
700 1268 835 1338 53-56.
867 1273 917 1336 64.
950 1273 1000 1336 57.
1033 1273 1083 1336 58.
1116 1273 1251 1340 60-63.

132 1351 267 1420 65-68.
291 1353 426 1419 70-74.
449 1355 584 1420 82-88.
607 1355 657 1418 75.
681 1355 730 1419 74.
753 1355 887 1422 76-78.
911 1355 961 1420 80.
985 1355 1034 1420 79.
1050 1356 1101 1420 81.
1116 1357 1251 1424 89-97.

132 1434 290 1500 99-101.
313 1438 363 1503 96.
388 1439 562 1506 101-103.
587 1439 636 1502 76.
660 1438 1250 1506 77.104-116.98.117-128122.

133 1517 298 1584 123-131
329 1525 521 1590 narrationi
545 1525 703 1604 inserens,
731 1523 852 1588 codicis
874 1522 997 1588 soeculi
1017 1525 1073 1588 XI.
1097 1535 1155 1589 aut
1175 1527 1251 1590 XII.

131 1625 195 1687 quo
217 1627 297 1668 usus
319 1616 373 1686 est,
395 1606 559 1671 lectionem
580 1607 673 1670 band
693 1629 772 1670 raro
794 1609 956 1690 optimam,
982 1631 1106 1672 necnon
1130 1619 1159 1672 et
1180 1632 1249 1675 sen-

131 1689 251 1751 tent-ias
273 1689 405 1774 aliquas
431 1713 514 1775 quae
544 1693 580 1754 in
610 1691 776 1754 codicione
808 1691 835 1753 1.
858 1699 887 1754 ei
910 1689 960 1753 lb.
990 1695 1152 1758 communi
1169 1695 1250 1778 fato

12 1823 13 1826 ¹
131 1772 332 1854 occiderem,
364 1776 516 1837 seruauit.
573 1771 722 1847 Quarum
754 1783 862 1836 tamen
894 1777 1031 1840 nonnisi
1061 1799 1134 1857 eas,
1168 1801 1250 1862 quas

132 1865 243 1939 aperte
264 1879 376 1920 sensus
398 1856 583 1942 requirebat
603 1880 723 1957 quasue
744 1858 875 1921 minime
897 1880 937 1922 55
960 1857 1037 1922 aliis
1052 1859 1250 1926 Annalistac

15 1960 16 1969 ¹
120 1937 285 2022 fontibus,
317 1941 513 2024 Eloloeleurdo
541 1963 724 2024 praecipue
764 1941 979 2026 Uroupiensi,
1013 1943 1107 2006 cuius
1134 1965 1249 2027 pauca

131 2044 370 2108 nonnunquam
398 2025 496 2089 verba
524 2027 626 2090 teatui
657 2025 768 2108 infert,
802 2024 970 2089 derivatas
1001 2027 1179 2108 constabat,
1211 2031 1248 2092 in

18 2124 20 2145 ¹
129 2114 219 2170 tentu
239 2110 357 2254 recepi.
406 2110 491 2173 Usus
513 2131 584 2172 sum
606 2109 713 2173 codice
728 2107 924 2172 Annalistae
947 2110 1141 2190 authentico,
1163 2113 1250 2174 inter

19 2213 20 2234 ¹
129 2189 229 2254 libros
258 2191 308 2255 bib
322 2193 463 2257 iotlsecue
491 2195 603 2279 repiae
631 2193 831 2257 Parisiensis
860 2214 900 2256 55
928 2193 1078 2257 coenobio
1109 2193 1144 2259 8.
1168 2192 1247 2260 Ger·

130 2277 223 2338 mani
259 2276 451 2361 adportatas
495 2299 628 2341 numero
663 2277 736 2340 440.
776 2277 926 2362 sipnato,
967 2279 1062 2341 cuius
1096 2277 1247 2344 lectiones

20 2442 22 2451 Ι
135 2357 292 2422 Waitzins
313 2369 422 2424 noster
443 2363 595 2424 enotavit.

213 2441 251 2522 3)
273 2443 314 2506 In
328 2452 416 2506 tento
431 2443 643 2528 epistolarum
666 2442 822 2542 Greporii
836 2443 905 2507 VII.
923 2465 1037 2528 papae
1057 2454 1086 2508 et
1101 2445 1246 2510 aliorum

19 2535 20 2576 3
129 2525 336 2606 restituendo,
360 2528 405 2590 ad
425 2528 614 2612 Registrnm
638 2525 792 2613 Greporsi
821 2537 850 2590 et
871 2526 972 2591 Pauli
993 2529 1246 2594 Bernriedensis

128 2609 229 2670 uitam
253 2607 406 2695 Greporii
434 2611 502 2674 VII.
529 2613 667 2691 recurri,
696 2621 725 2672 et
754 2632 793 2674 55
815 2611 923 2674 codice
947 2611 1130 2676 Treuirensi
1142 2613 1245 2694 finem

128 2691 283 2776 epistolae
306 2694 351 2757 ad
371 2693 553 2778 Rodulfum
574 2717 679 2780 repom
700 2695 844 2778 scriptae
865 2693 996 2759 subieci.

216 2773 343 2850 Quibus
369 2777 527 2842 subsidiis
559 2779 609 2840 ita
635 2799 715 2841 usus
743 2801 825 2860 sum,
858 2787 894 2841 ut
920 2777 1060 2842 codicem
1089 2777 1117 2859 l,
1150 2780 1245 2842 cuius

128 2861 225 2942 copia
246 2863 329 2926 mibi
350 2885 372 2924 a
393 2863 477 2927 uiris
498 2861 693 2926 doctissimis
721 2871 750 2924 et
772 2861 810 2926 de
831 2883 865 2924 re
887 2870 1001 2924 nostra
1022 2861 1098 2926 bene
1119 2864 1244 2926 meritis

127 2943 205 3007 DD.
228 2945 365 3009 Ernesto
396 2943 435 3008 0.
458 2944 623 3029 Gersdorf
649 2944 855 3010 bibliothecae
884 2946 1107 3010 uniuersitatis
1134 2946 1176 3010 Li
1201 2949 1243 3011 si·

127 3030 214 3091 ensis
237 3027 416 3112 praefecto,
444 3039 472 3094 et
494 3027 639 3094 Gustaoo
663 3029 789 3094 Hueuel
814 3029 957 3094 ciusdem
978 3029 1117 3112 custode,
1144 2969 1198 3094 td

127 3113 248 3176 tissime
260 3111 361 3196 sacto
379 3123 435 3194 est,
446 3112 667 3198 fundamenti
687 3113 755 3178 7555
784 3136 936 3196 onerem,
959 3122 988 3176 et
1010 3137 1082 3178 cum
1103 3117 1141 3178 in
1163 3116 1242 3178 scri-

127 3194 240 3258 bendis
269 3196 453 3260 nominibus
476 3199 630 3282 propriis
659 3206 726 3261 tum
755 3136 833 3261 aliis
861 3199 898 3262 in
927 3195 1006 3262 locis
1033 3197 1090 3261 ubi
1119 3219 1243 3262 necesse

127 3286 206 3357 erat,
228 3278 436 3364 reliquorum,
445 3283 638 3427 praecipue
659 3280 857 3344 Annalistae
879 3279 1025 3345 8555575
1048 3303 1117 3364 ope,
1140 3283 1242 3344 corri-

124 3382 248 3448 95555·
279 3364 423 3446 capitum
468 3365 606 3428 iuisione
629 3365 821 3428 auctoritate
843 3364 964 3428 codicis
986 3363 1169 3447 Lipsiensis
1190 3365 1241 3427 in·

123 3446 245 3509 stituto.

208 3529 383 3594 Prodierat
397 3529 514 3593 Bruno
527 3531 672 3614 primum
688 3551 777 3594 5555
797 3528 887 3594 1600.
911 3528 1020 3592 edente
1035 3529 1241 3614 Marquardo

123 3612 274 3694 bbebero,
300 3617 386 3679 inter
407 3612 470 3680 88.
495 3611 600 3678 Germ.
625 3615 657 3677 Τ.
681 3614 707 3694 Ι,
729 3609 893 3695 99-153,·
922 3621 1026 3677 tentus
1053 3623 1100 3677 est
1120 3615 1242 3679 codicis

124 3695 318 3782 Lipsiensis,
351 3699 407 3762 sed
434 3719 531 3783 saepe
565 3697 656 3762 baud
684 3697 760 3761 bene
789 3697 958 3776 enodatus,
986 3706 1015 3760 et
1041 3701 1175 3782 saepius
1202 3721 1242 3764 55

125 3781 276 3847 chronico
318 3781 618 3868 Mapdebnrpensil
666 3790 724 3845 aut
765 3803 806 3844 55
847 3782 1035 3846 coniectura
1071 3781 1243 3866 probabili

124 3876 294 3930 correctus.
341 3864 416 3940 Qua
438 3867 578 3931 editione
601 3888 632 3928 a.
656 3864 747 3929 1717.
769 3886 805 3929 55
829 3866 917 3945 etita,
938 3865 1138 3932 Burcardus
1155 3865 1241 3931 Gott-

124 3949 237 4032 belflus
259 3949 414 4014 8555755
441 3950 514 4014 7555
536 3947 698 4014 nonnulla
720 3887 866 4013 adhibito
891 3951 1009 4014 iterum
1030 3950 1138 4014 codice
1160 3951 1202 4013 Li
1227 3989 1239 3998 -

124 4033 225 4099 siensi
246 4034 436 4112 emendavit,
467 4031 537 4097 olio
557 4043 666 4098 tamen
687 4033 848 4096 vitiavit&
895 4030 1044 4107 Quarum
1072 4055 1145 4097 cum
1172 4056 1187 4096 e
1212 4035 1239 4098 i·

125 4211 151 4278 l)
172 4211 213 4281 CJ-
234 4233 256 4267 5.
273 4233 299 4282 p.
319 4233 379 4282 cop.
396 4214 440 4266 65.
460 4214 488 4265 in
500 4214 557 4280 fine
574 4216 637 4264 ‘non
651 4211 816 4276 iuramento’,
835 4229 895 4278 cap.
908 4213 953 4265 40.
967 4230 992 4278 5.
1004 4211 1087 4280 infra.
1151 4211 1180 4278 2)
1194 4213 1240 4264 Ita

123 4302 180 4352 cap.
199 4289 244 4338 40.
263 4289 293 4338 in
312 4287 537 4357 Maqdeburpensi
551 4293 632 4354 proto
660 4303 749 4339 cervos
772 4294 922 4354 pugnantes
941 4284 1055 4338 codicem
1073 4285 1239 4352 Lipsiensem

122 4367 224 4410 secutus
242 4361 355 4426 scripsit,
374 4378 456 4426 quum
474 4361 529 4412 iam
548 4359 680 4412 Frenerus
699 4375 732 4411 55
751 4359 840 4411 chron.
856 4359 1078 4428 Maqdeburpensi
1095 4368 1164 4412 recte
1182 4377 1237 4410 cor·

120 4447 165 4483 ros
184 4430 337 4498 scripsisset,
357 4433 514 4486 Annalistcc
532 4449 634 4502 quoquc
652 4431 757 4487 Sanoni
770 4433 923 4502 probatum,
