3098 4818
287 343 324 394 30
577 341 699 392 BRUNO
718 341 769 392 Da
788 340 910 392 BELLO
929 339 1122 394 saxorum.

213 527 279 570 rora.
288 511 379 575 cives
398 531 459 574 nec
479 507 586 572 hostes
607 507 655 570 eis
675 504 773 569 fidem
794 505 965 588 habebant,
987 517 1020 573 ct
1039 508 1129 594 apud
1149 519 1303 595 utrosque
1331 510 1422 575 viles

288 603 322 658 et
341 592 496 668 infideles,
518 592 662 676 despecti
683 601 715 654 et
735 589 846 653 miseri
866 600 967 654 erant.

372 678 424 742 46.
468 676 557 761 Ergo
585 697 645 738 rex
670 694 743 737 cum
769 683 837 738 toto
859 696 955 760 quem
976 685 1104 762 poterat
1123 674 1243 740 babere
1265 678 1417 742 exercitu

289 763 379 826 iuste
401 761 563 845 Beringa¹
586 759 684 838 venit,
706 757 753 822 ibi
777 779 818 821 ue
863 759 953 822 ositis
975 762 1088 824 castris
1111 759 1267 824 consedit
1309 761 1357 823 At
1372 782 1417 824 ex

288 843 352 909 aiis
372 855 464 930 parte
485 845 654 909 Saxones·
675 841 761 904 circa
806 863 843 905 ec
868 842 875 856 ’
905 841 1016 906 tediln
1038 865 1098 907 sua
1118 855 1225 908 castra
1238 843 1355 924 locant,
1382 855 1417 908 et

289 927 368 994 dum
389 951 450 993 rex
471 949 526 993 eos
548 925 592 990 ad
611 923 785 990 concilium
799 935 894 989 vocet
915 937 1098 1012 expectant
1141 927 1289 1013 Cumque
1310 927 1415 993 verba

290 1011 408 1100 quibus
430 1033 506 1076 suos
520 1021 688 1075 accusatos
708 1007 861 1073 volebant
875 1031 1056 1096 expurgare
1070 1011 1285 1098 disponerent,
1300 1011 1416 1076 aderat

288 1097 421 1160 nuntius
450 1096 551 1181 regis,
586 1093 643 1180 qui
669 1113 779 1240 regem
808 1113 882 1156 cnm
912 1093 1097 1159 saxonibus
1122 1117 1187 1158 non
1216 1095 1325 1160 verbis
1355 1094 1414 1160 sed

289 1179 394 1246 ferro⁶
416 1179 581 1265 disputare
603 1174 685 1240 velie
728 1174 844 1259 icebat,
866 1187 899 1242 et
914 1177 990 1242 huic
1005 1179 1230 1264 disceptationi
1244 1179 1330 1242 diem
1346 1200 1414 1242 cra·

290 1265 410 1328 atinum
431 1261 673 1327 determinabat
716 1259 869 1324 Nondum
890 1261 972 1326 bene
992 1263 1124 1326 nuntius
1145 1261 1199 1326 ifle
1219 1262 1319 1327 verba
1343 1262 1413 1326 fini-

290 1357 369 1428 erat,
392 1369 467 1410 cum
488 1347 620 1410 veniens
641 1342 722 1408 alter
741 1366 852 1428 regem
875 1367 949 1408 cum
970 1356 1038 1411 toto
1065 1349 1211 1410 exercitu
1236 1346 1415 1410 adventare

196 1451 248 1494 aa.
258 1453 281 1494 a.
291 1429 430 1496 dicebat
474 1428 572 1510 Quod
592 1429 698 1513 primo
718 1449 784 1490 non
805 1427 981 1511 credentes,
1003 1429 1059 1494 ubi
1080 1431 1176 1494 nimis
1202 1452 1314 1494 verum
1341 1451 1418 1495 esse

291 1522 500 1600 cognoscunt,
528 1514 606 1599 quia
626 1532 686 1575 neo
706 1510 832 1575 consilii
859 1511 950 1576 locus
978 1525 1046 1578 erat
1072 1515 1205 1578 ineundi
1232 1536 1294 1578 nec
1322 1535 1415 1578 exer·

292 1600 376 1663 citus
402 1596 445 1660 ad
472 1594 632 1682 proelium
659 1594 838 1677 ordinandi,
864 1597 951 1682 quod
984 1620 1026 1662 ex
1056 1598 1234 1684 improviso
1261 1599 1414 1683 deprensi

291 1681 395 1746 solent
415 1681 531 1762 facere,
552 1679 649 1765 pauci
669 1677 787 1764 quibus
808 1677 860 1743 vel
880 1681 1008 1746 animus
1029 1680 1081 1746 vel
1107 1703 1197 1746 arma
1222 1681 1354 1746 fuerunt
1378 1683 1416 1744 in

290 1773 453 1852 promptu,
474 1763 598 1828 fortiter
611 1762 703 1831 ibant
715 1763 757 1828 ad
771 1785 926 1848 pugnam,
948 1764 1057 1851 plures
1070 1787 1157 1847 vero,
1180 1764 1298 1853 quibus
1315 1765 1415 1850 longe

290 1848 343 1914 vel
363 1849 490 1914 animus
511 1847 562 1912 vel
583 1869 673 1911 arma
694 1859 794 1926 erant,
815 1857 983 1912 vertuntur
996 1851 1031 1911 in
1044 1849 1163 1934 fugam.
1206 1850 1328 1914 Verum
1349 1850 1415 1936 ipsi

290 1935 388 2020 pauci
409 1933 466 2019 qui
486 1931 529 1996 ad
550 1929 707 2017 proelium
728 1932 945 2016 perstiterunt,
972 1931 1055 1998 bene
1081 1945 1237 2018 quantum
1265 1943 1418 2018 poterant

291 2016 344 2082 vel
365 2039 458 2082 suam
478 2014 531 2080 vel
552 2013 680 2078 illorum
702 2015 759 2101 qui
780 2015 930 2099 fugerant
950 2017 1055 2079 vicem
1082 2028 1286 2102 peregerunt.
1328 2016 1415 2082 Nam

291 2102 354 2165 nisi
375 2101 467 2165 Deus
487 2099 534 2164 ibi
555 2099 739 2185 superbiam
761 2108 904 2162 nostram
925 2099 1094 2164 humiliare
1108 2100 1313 2182 decrevisset,
1334 2123 1415 2186 pau·

293 2185 414 2250 cissimi
442 2183 544 2248 nostri
571 2191 675 2246 totum
704 2183 884 2246 exercitum
912 2181 1003 2247 illum
1031 2184 1065 2246 in
1092 2184 1204 2269 fugam
1231 2186 1416 2251 vertissent.

291 2269 451 2333 Postremi
472 2269 558 2330 enim
573 2265 698 2330 illorum
713 2267 901 2348 nescientes,
923 2267 1010 2352 quod
1024 2275 1205 2332 nostrorum
1221 2289 1297 2368 pars
1311 2270 1417 2333 maior

291 2351 388 2436 fugae
409 2372 444 2414 se
459 2349 615 2431 dedisset,
637 2357 815 2436 coeperunt
835 2351 888 2415 et‘l
913 2351 977 2436 ipsi
1003 2351 1099 2438 fugae
1126 2352 1289 2451 praesidia
1317 2375 1414 2439 quae-

292 2457 373 2515 rere,
395 2442 428 2498 et
447 2434 511 2496 nisi
531 2430 577 2496 illi
591 2443 771 2498 nostrorum
785 2435 896 2519 firgam
910 2436 1000 2520 prius
1017 2447 1239 2520 agnovissent,
1259 2437 1416 2523 fugiendo

291 2518 386 2582 nobis
413 2517 581 2582 victoriam
608 2516 822 2605 reliquissent.
872 2517 978 2598 Quem
1008 2521 1062 2582 cui
1087 2518 1164 2584 belli
1196 2541 1290 2584 casus
1323 2519 1415 2585 daret

293 2602 450 2682 occidere,
477 2622 538 2666 nec
566 2602 645 2688 ipsis
673 2603 728 2688 qui
755 2601 947 2667 occidebant
972 2601 1110 2667 dabatur
1130 2625 1316 2689 agnoscere,
1339 2605 1416 2690 quia

292 2695 383 2753 tanta
396 2685 457 2750 iirit
470 2683 613 2772 pulveris
627 2685 713 2751 facta
728 2686 909 2768 commotio,
923 2694 960 2749 ut
973 2687 1125 2772 cuiquam
1139 2689 1198 2751 vix
1211 2689 1295 2753 inter
1309 2690 1411 2752 civem

293 2780 325 2837 et
351 2771 476 2835 hostem
504 2780 614 2856 posset
642 2792 712 2834 esse
740 2770 901 2835 discretio.
950 2769 1024 2834 Hoc
1052 2781 1161 2835 tamen
1188 2773 1414 2857 comperimus,

315 2853 381 2919 uod
411 2853 508 2919 Udo·
539 2863 648 2918 noster
678 2854 821 2919 marchio
853 2853 1082 2918 consobrinum
1115 2877 1208 2919 suum
1237 2853 1411 2918 Rodulfum

293 2877 409 3004 ducem
429 2936 538 3022 gladio
559 2937 684 3002 fortiter
722 2939 859 3002 ercussit
871 2937 906 2999 in
919 2937 1046 3020 faciem,
1065 2947 1098 3002 et
1110 2939 1174 3002 nisi
1190 2959 1286 3000 nasus
1299 2935 1413 3020 galeae

293 3021 478 3108 dependens
499 3020 636 3085 fideliter
656 2960 850 3104 defenderet,
897 3030 998 3085 artem
1020 3043 1058 3085 ca
1082 3022 1136 3087 itis
1164 3022 1194 3087 ei
1214 3021 1410 3106 superiorem

293 3105 421 3191 penitus
436 3103 634 3168 abscidisset.
656 3105 786 3170 Fratres
800 3105 834 3168 in
850 3107 858 3120 ’
884 3126 902 3167 o
917 3104 1041 3191 proelio
1090 3127 1144 3170 ere
1159 3105 1289 3187 diversi,
1302 3113 1410 3190 patres

294 3195 407 3254 contra
426 3185 525 3269 filios,
547 3207 672 3251 necnon
693 3198 726 3252 et
746 3187 801 3252 alii
821 3189 971 3253 affectus‘
992 3199 1083 3254 erant
1108 3199 1220 3254 contra
1246 3211 1279 3255 se
1307 3187 1412 3252 divisi.

295 3271 361 3338 Sed
383 3273 411 3336 si
433 3271 506 3356 quis
527 3268 631 3334 scelus
649 3271 683 3333 in
697 3293 756 3335 suo
770 3275 888 3358 propin
911 3295 953 3336 uo
967 3273 1096 3355 faceret,
1111 3295 1131 3336 a
1145 3274 1273 3340 nemine
1288 3282 1414 3361 potarat

294 3355 380 3422 sciri.
414 3355 645 3421 Saevissimum
683 3352 791 3420 uidem
804 3357 887 3420 fuit·
914 3357 957 3421 ud
969 3357 1136 3442 proelium,
1151 3357 1209 3422 sed
1223 3356 1414 3422 brevissimo

294 3451 438 3526 tempore
459 3448 634 3538 peractum.
661 3375 761 3504 bam
782 3441 883 3505 nostri
897 3462 1031 3504 numero
1047 3461 1144 3526 quam
1159 3444 1256 3526 pauci
1273 3441 1330 3506 sed
1350 3441 1414 3504 vir-

294 3532 362 3588 tute
383 3521 476 3588 multi
500 3561 535 3570 -
559 3523 624 3607 ipsi
645 3524 731 3587 enim
752 3523 859 3588 hostes
881 3546 1057 3609 numquam
1079 3533 1186 3588 tantos
1207 3525 1292 3588 ictus
1313 3523 1414 3609 gladi-

295 3628 386 3671 orum
408 3629 442 3671 se
462 3604 646 3670 fatebantur
665 3608 794 3672 audisse
817 3647 856 3657 -
883 3617 1054 3693 postquam
1083 3630 1118 3672 se
1140 3631 1160 3671 a
1182 3607 1249 3671 suis
1269 3608 1414 3671 desertos

294 3712 365 3755 esse
392 3688 542 3754 viderunt
570 3699 603 3753 et
630 3691 693 3776 ipsi
720 3690 837 3757 multos
860 3691 1035 3756 occidendo
1061 3691 1188 3777 fatigati
1209 3690 1348 3770 fuerunt,
1370 3712 1412 3753 ex

292 3774 406 3860 paucis
427 3773 595 3860 pauciores
617 3774 772 3858 paulatim
786 3797 821 3839 se
835 3775 1010 3860 epericulo
1031 3776 1261 3840 subtraxerunt
1278 3774 1413 3858 regique

293 3857 448 3922 victoriae
470 3856 599 3942 quidem
621 3856 765 3943 gloriam,
787 3859 843 3925 sed
865 3881 937 3923 cum
959 3859 1060 3924 multa
1081 3880 1211 3924 suorum
1228 3858 1322 3922 ruina
1342 3855 1413 3920 reli-

293 4017 317 4072 c)
332 4019 355 4062 8.
373 4021 435 4060 circa
450 4019 527 4060 desunt
542 4022 569 4070 1,·
583 4022 664 4060 adum
679 4021 701 4063 t.
766 4020 790 4072 b)
812 4023 956 4064 nechilstedi
972 4023 998 4072 ις
1020 4021 1174 4064 wichelstedt
1195 4016 1231 4061 1¹².
1250 4021 1297 4062 cod.
1320 4019 1414 4069 limat

292 4079 478 4189 gaplpgpttppslt.
553 4077 575 4132 c)
590 4081 645 4120 deest
662 4082 683 4121 1.
758 4079 782 4133 d)
799 4085 870 4122 ettam
887 4077 920 4124 lb.
1001 4079 1023 4133 s)
1039 4082 1090 4123 Udo
1106 4081 1210 4122 marchio
1227 4081 1257 4121 de
1271 4079 1374 4122 saonen
1391 4078 1412 4119 t.

296 4268 322 4331 1)
342 4267 496 4336 Bebriaqen
509 4285 596 4336 prope
614 4269 838 4337 Langensaiaam.
858 4270 891 4322 P.
909 4270 1025 4322 medium
1043 4269 1113 4322 inter
1131 4271 1276 4322 [scoacum
1295 4276 1319 4322 et
1336 4268 1412 4320 Lcm-

291 4341 453 4409 yemalem.
496 4341 531 4396 W.
607 4345 636 4409 2)
657 4343 814 4412 quelsttidt
833 4344 870 4394 ad
893 4344 1066 4394 vastradam.
1102 4342 1136 4395 P.
