3114 4814
292 327 327 376 80
475 327 525 378 DE
545 329 702 380 UNITATE
721 327 925 380 accusem:
946 326 1220 380 CONSERVANDA.

292 497 393 579 cuius,
425 495 482 560 sed
511 497 546 560 in
574 507 651 578 toto,
680 495 803 561 scilicet
831 497 1014 582 imperatori
1035 495 1200 562 Henricho
1228 496 1296 560 sive
1318 493 1414 580 Wig-

291 579 393 646 berdo
419 579 587 666 eidemque
616 580 762 667 pontifici
782 581 944 661 Romane,
974 580 1070 666 apud,
1091 601 1146 645 eos
1168 579 1306 666 denique
1329 577 1412 643 nihil

293 665 354 729 nisi
386 664 429 730 ad
454 664 752 730 condemnationem
781 663 888 730 valere
911 664 1031 731 Christi
1060 673 1092 729 et
1120 662 1274 729 ecclesiae
1304 685 1410 729 sacra·

293 759 417 829 menta,
450 771 531 836 quae
565 759 638 813 sunt
670 749 852 834 baptismaa
884 758 916 814 et
948 749 1086 814 chrisma
1120 757 1153 814 et
1189 749 1334 834 corporis
1370 769 1410 810 ac

293 834 458 919 sanguinis
480 833 614 897 Domini
635 835 798 919 mysteria.
842 833 931 920 Ergo
955 833 1072 920 quibus
1095 856 1136 898 ex
1158 834 1265 898 causis
1287 842 1320 896 et
1342 853 1408 918 qua

292 918 480 983 necessitate
503 915 700 1004 Wigberdus
721 939 807 1004 papa
829 919 871 983 sit
891 919 1022 1000 electus,
1051 939 1149 1004 supra
1170 921 1233 981 iam
1256 915 1409 998 diximus,

293 1004 349 1087 qui
371 1011 457 1066 certe
478 1003 637 1088 persius,
660 1025 742 1089 quae
763 1025 838 1067 vere
860 1014 909 1068 est
931 1003 1077 1067 Romana
1099 1000 1244 1082 ecelesia,
1275 1021 1410 1065 consen-

293 1107 364 1150 sum
395 1095 426 1150 et
453 1109 512 1172 per
540 1087 727 1173 suffragium
750 1087 906 1152 Henriehi
934 1089 1020 1172 regis
1042 1085 1249 1172 eiusdemque
1271 1085 1409 1149 Romani

317 1171 414 1235 atritii
437 1180 486 1234 cat
513 1169 687 1235 ordinatae.
732 1171 798 1236 Sed
820 1171 986 1257 Sylverius
1007 1192 1102 1256 papa,
1125 1170 1210 1234 sicut
1237 1167 1354 1256 legitur
1375 1170 1410 1232 in

327 1257 403 1320 estis
415 1253 682 1338 Pontifioalibus1,
698 1253 775 1320 olim
790 1279 848 1342 per
858 1257 925 1319 vim
940 1255 1065 1319 levatus
1083 1255 1192 1344 [estb];
1209 1263 1241 1318 et
1254 1263 1290 1318 ut
1306 1275 1410 1318 sacer-

293 1337 384 1405 dotes
405 1338 598 1404 ordinationi
619 1340 687 1404 eius
714 1340 806 1404 iuxta
831 1341 999 1426 antiquum
1022 1360 1145 1402 morem
1170 1337 1222 1404 vel
1244 1339 1409 1402 decretum

293 1421 543 1502 subscriberent,
566 1423 722 1509 compulit
742 1433 896 1509 tyrannus
916 1423 1047 1510 quidam
1063 1422 1252 1488 Theodorus
1260 1434 1282 1488 ⁰.
1313 1421 1409 1503 Quod

293 1527 368 1570 cum
397 1507 541 1593 optinere
568 1529 633 1570 non
655 1517 774 1606 posset,
799 1507 875 1572 licet
896 1528 1026 1572 causam
1048 1507 1131 1571 hanc
1152 1506 1269 1593 gladiis
1290 1515 1410 1591 ageret,

293 1601 401 1655 tamen
428 1599 502 1676 post
530 1591 764 1656 ordinabonem
792 1593 894 1678 ipsius
926 1590 1064 1677 Sylverii
1091 1591 1351 1678 subscripserunt
1379 1592 1410 1656 ei

293 1697 403 1740 omnes
423 1677 585 1738 communi
600 1695 767 1758 consensu,
788 1691 921 1763 propter
935 1676 1161 1742 adunationem
1175 1675 1326 1742 videlicet
1340 1675 1411 1740 reli·

292 1760 398 1844 gionis
421 1767 453 1824 et
473 1759 573 1844 pacis,
595 1782 636 1825 ne
656 1761 737 1826 forte
759 1762 930 1826 sustineret
958 1759 1095 1826 ecclesia
1122 1759 1254 1847 aliquod
1279 1760 1410 1825 scanda-

293 1845 359 1908 lum
389 1844 557 1910 scismatis.
600 1845 696 1908 Nunc
723 1855 832 1910 autem
859 1847 1003 1910 Romana
1031 1843 1168 1910 ecclesia
1202 1855 1234 1910 et
1259 1845 1409 1930 patritius

293 1929 511 1994 Romanorum
539 1941 768 1995 consenserunt
795 1931 830 1994 in
858 1930 1018 2014 Wigberti
1048 1929 1213 2011 electione,
1243 1939 1275 1994 et
1302 1939 1409 1995 tamen

292 2034 352 2078 nec
378 2025 452 2098 post
477 2013 648 2098 septimum
677 2036 795 2078 annum
804 2027 826 2098 ²,
854 2035 918 2101 quo
948 2014 1117 2080 defunctus
1146 2021 1195 2080 est
1215 2013 1409 2079 Hildebrant

293 2119 388 2184 papa,
421 2095 494 2162 licet
523 2098 700 2162 Romanam
733 2097 901 2164 ecclesiam
934 2099 1031 2164 talem
1062 2097 1248 2184 pontificem
1281 2097 1408 2182 babere,

294 2179 397 2330 qualis
419 2180 611 2246 catholicum
634 2203 750 2268 corpus
772 2182 925 2248 ecelesiae
946 2205 1011 2246 non
1026 2180 1151 2265 dividit,
1174 2181 1231 2248 sed
1249 2183 1409 2268 integrare

293 2265 371 2330 ilud
394 2273 426 2329 et
446 2265 536 2334 unire
558 2265 704 2348 intendit,
726 2288 798 2330 cum
820 2267 854 2330 in
878 2265 1131 2332 Chalcedonensi
1153 2266 1290 2348 concilio
1312 2274 1409 2330 statu-

294 2362 362 2415 tum
391 2349 442 2430 sit,
471 2357 507 2412 ut
534 2349 619 2413 intra
645 2360 710 2415 tres
732 2373 857 2416 menses
879 2351 1017 2416 debeant
1038 2345 1261 2438 episcoporum
1285 2350 1409 2415 ordina

293 2436 396 2499 tiones
411 2433 490 2512 fieri,
511 2433 575 2496 nisi
588 2433 669 2498 forte
683 2437 854 2500 necessitas
869 2434 1063 2500 excusabilis
1086 2436 1233 2521 coegerit
1249 2434 1409 2500 dilationis

294 2528 420 2604 tempus
447 2516 600 2604 protrahi.
643 2517 744 2601 Ecce,
777 2520 819 2584 ad
850 2521 928 2606 quid
955 2521 1102 2606 pervenit
1130 2531 1233 2585 mater
1266 2520 1409 2584 omnium

287 2602 517 2684 ecclesiarum,
554 2611 590 2666 ut
629 2604 795 2669 subiacere
831 2605 977 2670 videatur
1018 2605 1139 2670 iudicio
1175 2626 1409 2690 perversorum,

316 2709 376 2752 uae
405 2687 455 2750 ius
483 2686 580 2752 habet
609 2685 649 2752 de
676 2690 763 2752 omni
791 2689 928 2754 ecclesia
948 2688 1112 2753 iudicandi
1133 2709 1237 2773 neque
1260 2691 1409 2774 cuiquam

294 2711 334 2838 de
356 2773 425 2837 eius
446 2772 522 2836 licet
543 2770 687 2837 iudicare
708 2773 838 2856 iudicio,
861 2775 944 2837 sicut
959 2775 1156 2838 constituunt
1171 2773 1301 2838 decreta
1316 2793 1409 2837 cano·

293 2857 386 2922 numi
417 2856 503 2921 Ecce
516 2856 722 2940 Wigberdus,
744 2859 800 2956 qui
822 2867 854 2922 et
869 2856 1018 2922 Clemens
1039 2879 1134 2943 papa,
1157 2858 1248 2920 cuius
1264 2857 1410 2922 doctrina

294 2951 380 3006 certe
401 2948 450 3004 est
471 2939 647 3024 apostolica
669 2951 701 3004 et
715 2963 807 3006 cu1us
822 2943 941 3028 scripta
956 2965 1031 3006 vere
1053 2952 1127 3006 sunt
1142 2940 1308 3024 catholica,
1327 2941 1411 3007 sicut

294 3024 465 3088 didicimus
488 3023 608 3105 exilia,
630 3046 727 3110 quam
749 3034 886 3090 uastare
909 3027 1117 3111 suscepimus,
1140 3025 1274 3111 epistola
1282 3036 1305 3108 ³,
1328 3047 1409 3125 quae

295 3109 432 3192 scriptor
458 3105 541 3171 illius
569 3119 754 3193 pervertere
781 3109 911 3174 molitur
938 3110 1021 3174 inter
1045 3111 1199 3174 relatione
1228 3108 1408 3192 falsissima,

295 3195 378 3256 sicut
404 3191 612 3277 probabimus
640 3193 674 3256 in
704 3195 850 3280 sequenti
877 3193 969 3270 libro,
998 3133 1060 3276 ille,
1088 3195 1231 3280 inquam,
1261 3193 1409 3260 Clemens

293 3297 380 3364 papa
400 3277 586 3341 inscribitur
606 3276 685 3342 falso
707 3277 878 3364 iuratque
900 3277 1057 3342 hereticus
1086 3279 1126 3344 ab
1149 3278 1277 3343 homine
1299 3280 1409 3365 iniquo

294 3373 327 3428 et
359 3360 480 3428 doloso.
531 3361 749 3427 Veruntamen
782 3363 982 3448 supradictus
1013 3384 1100 3449 papa
1133 3361 1308 3448 Sylverius,
1345 3365 1410 3427 iam

294 3447 509 3528 beatissimus,
532 3446 615 3510 sicut
635 3446 782 3532 legitur⁴,
804 3447 917 3527 factus,
943 3457 1114 3534 postquam
1136 3469 1287 3512 revocare
1309 3447 1411 3512 noluit

294 3531 459 3595 Antimum
482 3529 708 3615 patriarcham,
729 3530 891 3597 hominem
909 3531 1096 3615 hereticum,
1118 3531 1246 3597 abesto
1262 3531 1409 3616 Agapeto

294 3615 463 3680 decessore
485 3636 543 3678 suo
565 3615 745 3701 depositum
767 3638 825 3701 pro
847 3617 991 3704 nequitia
1004 3614 1100 3697 illius,
1123 3625 1256 3703 propter
1269 3614 1331 3678 boc
1351 3636 1410 3700 per

294 3699 489 3762 iussionem(1
503 3711 658 3784 augustae
674 3709 722 3764 est
740 3699 924 3786 depositus3
947 3701 1000 3764 cui
1011 3701 1149 3786 Vigilius
1165 3699 1409 3765 archidiaconus

294 3783 363 3847 eius
392 3783 553 3863 successit,
582 3785 639 3869 qui
667 3785 840 3869 praecipue
865 3785 1076 3870 depositionis
1103 3786 1204 3871 ipsius
1232 3803 1328 3847 causa
1355 3805 1410 3848 ex·

294 3869 367 3950 titit,
398 3867 453 3954 qui
481 3868 577 3932 etiam
607 3868 743 3934 eundem
764 3890 883 3956 papam
907 3891 1002 3934 suum
1024 3871 1186 3955 deportari
1212 3871 1246 3932 in
1275 3865 1410 3933 exilium

295 4020 317 4073 a)
334 4022 480 4072 bsptismatis
497 4023 517 4062 1.
562 4019 587 4074 b)
603 4022 658 4062 deest
675 4024 696 4064 1.
743 4020 764 4076 c)
781 4023 914 4064 Theodatus
930 4024 977 4065 Lab.
989 4028 1051 4075 pont.
1096 4021 1119 4074 d)
1134 4023 1246 4074 srae.p.,·
1260 4024 1373 4064 melonem
1391 4024 1412 4062 1.

296 4148 322 4210 1)
348 4146 430 4198 Liber
448 4145 542 4213 pontif.
566 4162 589 4198 e.
608 4147 652 4210 59,
676 4147 696 4200 l.
717 4163 740 4198 c.
765 4163 792 4214 p.
814 4147 876 4199 129.
954 4147 981 4211 2)
1002 4145 1069 4196 Inde
1093 4143 1215 4208 efficitur,
1238 4147 1307 4197 baec
1329 4145 1412 4196 verba

294 4227 408 4272 exeunte
428 4219 592 4272 ann01092.
611 4222 712 4288 scripta
731 4237 798 4274 osse.
886 4219 920 4288 3)
943 4220 984 4271 cf.
1004 4219 1091 4284 l.111,
1118 4235 1142 4270 c.
1162 4219 1189 4272 2.
1281 4221 1310 4284 4)
1328 4219 1411 4270 Liber

293 4293 397 4360 pontit,
416 4293 435 4346 l.
450 4310 473 4346 c.
495 4311 522 4361 p.
542 4293 603 4346 130.
