3098 4818
289 329 324 378 26
572 329 695 380 BRUNO
715 329 765 378 DE
784 328 906 379 BELLO
926 327 1119 380 SAXONICO.

213 497 417 560 ¹⁰²⁴·tuimus.
447 494 543 576 Quod
555 495 683 560 enimin
700 493 992 580 Magedaburgensi
1006 504 1098 580 prato
1114 495 1254 559 vidimus
1274 507 1409 560 corvos²

287 591 354 645 tam
375 579 491 643 acriter
512 580 595 642 inter
617 601 651 643 se
669 588 859 664 pugnantes,
882 587 918 643 ut
931 577 985 642 alii
999 577 1077 642 alios
1092 579 1197 644 iacere
1212 578 1409 645 dimitterent

287 664 468 744 exanimes,
495 684 625 726 narrare
653 662 863 748 supersedeo,
892 664 967 748 quia
1000 664 1173 727 sacratiora
1204 685 1268 727 non
1301 664 1408 728 minus

286 747 465 811 futurorum
481 767 639 832 praesaga
652 746 811 812 narranda
825 746 938 811 habeo.
976 746 1211 832 Episcoporum
1228 755 1408 811 nostrorum

287 832 398 916 virgae
419 829 605 916 pastorales,
628 852 701 894 aere
723 852 845 910 sereno,
867 831 987 894 nimiol
1010 831 1132 894 aestivo
1148 829 1252 894 calore
1266 841 1407 915 perusto,

288 924 407 978 stantes
429 914 463 976 in
478 913 608 1014 capellis
622 914 667 978 ita
681 913 918 996 madescebant,
939 925 975 979 ut
989 935 1075 1000 aqua
1096 936 1155 978 sua
1170 935 1300 978 manum
1315 935 1407 978 suam

287 997 467 1084 implerent,
498 1020 525 1061 s1
553 999 625 1096 quis
654 1018 708 1060 eas
735 997 947 1083 accipiebat0.
1002 998 1040 1061 In
1074 997 1304 1082 Stidaraburg¹
1322 1007 1408 1063 erat

287 1080 395 1167 lignea
417 1080 537 1146 Christi
566 1105 599 1144 m
626 1103 720 1145 cruce
748 1081 917 1166 pendentis
939 1082 1056 1166 imago,
1087 1103 1170 1167 quae
1193 1081 1305 1146 eodem
1327 1092 1407 1145 tem-

287 1187 366 1252 pore
388 1175 476 1231 tanto
498 1165 624 1228 sudoris
646 1166 679 1228 in
701 1167 831 1230 aestivis
853 1164 970 1228 diebus
992 1165 1143 1229 manabat
1157 1165 1266 1246 fluvio,
1289 1175 1325 1230 ut
1346 1187 1407 1230 nec

287 1249 450 1335 mappulis
472 1259 557 1313 tersa
579 1247 693 1312 sudare
716 1250 895 1334 quiesceret
924 1249 977 1312 ctd
1005 1247 1136 1313 vascula
1162 1247 1313 1313 nonnulla
1340 1270 1407 1312 sus·

288 1342 383 1418 cepto
406 1333 522 1397 sudore
544 1332 700 1417 impleret.
752 1331 961 1398 Werinherus
982 1332 1259 1417 Merseburgensis
1286 1333 1408 1418 episco-

287 1439 348 1502 pus
369 1417 446 1480 dum
469 1437 561 1480 sacra
582 1417 752 1480 missarum
774 1416 927 1481 solemnia
954 1416 1130 1482 celebraret
1151 1427 1183 1481 et
1204 1438 1291 1481 more
1313 1415 1407 1482 solito

287 1501 436 1584 sanguini
451 1499 611 1563 dominico
626 1509 750 1584 partem
766 1501 910 1586 corporis
927 1500 1046 1565 Christi
1061 1503 1249 1586 imponeret,
1272 1499 1408 1564 fundum

288 1583 396 1648 calicis
418 1605 493 1669 pars
515 1582 569 1646 illa
584 1581 721 1668 petebat,
744 1605 782 1648 ac
799 1586 826 1648 si
842 1606 917 1647 caro
933 1582 1053 1649 Christi
1075 1586 1107 1647 in
1123 1585 1291 1670 plumbum
1313 1605 1408 1648 versa

286 1667 408 1732 fuisset.
453 1667 592 1748 Quidam
607 1668 782 1752 presbyter
803 1669 837 1731 in
859 1669 1048 1754 episcopatu
1061 1669 1352 1753 Magadaburgensi
1373 1668 1408 1731 in

287 1750 363 1816 villa
383 1749 600 1835 Weddinge²‚
628 1753 662 1813 in
689 1761 802 1816 neutra
829 1761 918 1837 parte
946 1753 1217 1816 conversationis⁰
1246 1753 1407 1837 egregius,

310 1835 342 1898 ui
365 1857 425 1899 nec
445 1835 598 1898 vitiorum
619 1833 691 1898 labe
713 1857 773 1899 nec
795 1838 948 1900 virtutum
975 1835 1070 1899 laude
1098 1835 1231 1901 clareret
1259 1837 1407 1918 eximius,

287 1857 365 1984 dum
380 1920 413 1982 in
428 1928 700 1983 sacramentorum
715 1919 915 1984 confectione
929 1921 1069 1984 venisset
1083 1920 1125 1983 ad
1139 1921 1408 2002 communionem,

222 2036 227 2045 ·
287 2003 387 2068 calice
420 2001 524 2067 levato
552 2001 634 2066 vidit
660 2004 770 2066 vinum
798 2026 863 2068 non
891 2002 995 2067 solum
1023 2003 1245 2089 spiritualiter,
1273 2004 1329 2067 sed
1358 2003 1409 2068 etf

286 2086 455 2154 visibiliter
477 2090 511 2150 in
533 2088 722 2170 sanguinem
744 2109 952 2169 conversum3
981 2089 1071 2151 cuius
1099 2089 1216 2153 rubore
1238 2089 1357 2174 pariter
1377 2095 1410 2152 et

286 2172 444 2236 densitate
468 2171 655 2254 perterritus
676 2170 775 2234 nichil
795 2171 870 2235 inde
893 2193 1018 2235 sumere
1039 2173 1265 2258 praesumpsit,
1294 2171 1408 2236 sedin
1440 2230 1443 2235 .

287 2253 512 2339 Magedaburg
539 2254 720 2334 civitatem,
753 2255 809 2319 ubi
843 2253 972 2318 adhucs
1001 2255 1226 2320 venerabiliter
1253 2265 1408 2338 servatur,

288 2361 363 2403 cum
385 2359 502 2421 magno
524 2338 639 2401 timore
661 2339 809 2422 portavit.
855 2339 946 2419 Quae
969 2342 1077 2404 omnia
1104 2339 1182 2426 quid
1209 2339 1408 2424 significasse

287 2431 448 2509 putemus,
470 2421 533 2482 nisi
555 2419 707 2502 laborem,
730 2445 826 2508 quem
848 2433 923 2508 post
945 2425 1069 2508 experti
1092 2423 1225 2487 sumus?

372 2507 422 2569 41.
471 2503 561 2588 Ergo
591 2526 665 2568 cum
691 2507 777 2590 regis
804 2507 853 2570 ira
879 2505 1077 2593 longitudine
1106 2509 1260 2594 temporis
1289 2509 1322 2569 in
1349 2527 1408 2570 nos

287 2588 383 2652 nimis
410 2608 545 2652 accensa
572 2589 691 2652 diutius
724 2589 823 2654 latere
859 2612 925 2653 non
957 2600 1081 2676 posset,
1117 2593 1274 2678 certisque
1307 2591 1408 2675 signis

288 2694 370 2758 quae
401 2670 485 2736 mala
512 2672 607 2736 nobis
637 2674 801 2757 cogitabat
826 2673 945 2755 facere,
974 2683 1112 2759 pateret3
1143 2686 1218 2738 tunc
1246 2675 1408 2760 principes

286 2756 387 2820 nostri
409 2755 526 2840 singuli
541 2765 573 2820 et
587 2758 729 2821 universi
743 2759 863 2843 pariter
876 2757 1052 2842 legationes
1067 2759 1213 2822 assiduas
1228 2780 1314 2821 nunc
1334 2779 1408 2820 cum

286 2839 398 2904 litteris
419 2861 505 2903 nunc
528 2841 595 2904 sine
616 2839 730 2905 litteris
751 2845 816 2926 ipsi
836 2844 905 2926 regi
919 2842 1072 2922 fecerunt,
1095 2841 1212 2928 quibus
1227 2841 1289 2906 hoc
1304 2841 1409 2905 solum

286 2922 329 2987 ab
351 2945 389 2987 ec
411 2923 511 2987 multa
533 2923 767 3009 supplicatione
782 2927 952 3010 petierunt,
975 2935 1010 2990 ut
1029 2935 1123 2990 coetu
1136 2927 1321 3011 principum
1336 2946 1409 2989 suo·

287 3029 359 3070 rum
382 3005 515 3070 collecto
538 3029 571 3070 se
595 3028 703 3070 coram
725 3010 771 3072 eis
797 3018 854 3072 aut
875 3008 1050 3094 culpabiles
1073 3009 1254 3074 ostenderet
1280 3019 1313 3073 et
1334 3030 1408 3072 con-

286 3091 389 3153 victos
422 3111 531 3153 eorum
564 3090 684 3154 iudicio
718 3093 863 3177 puniret,
894 3103 949 3157 aut
977 3094 1041 3179 ipsi
1068 3116 1165 3158 suam·
1190 3093 1407 3157 innocentiam

286 3173 408 3237 iudicio
431 3171 573 3259 quohbet
595 3173 799 3239 ostenderent
820 3185 853 3240 et
873 3177 906 3239 in
928 3178 996 3240 eius
1012 3179 1124 3261 gratia,
1148 3179 1232 3242 sicut
1253 3177 1407 3241 hactenus

286 3266 385 3338 erant,
408 3266 640 3343 permanerent.
683 3259 806 3322 Verum
828 3282 901 3324 cum
924 3261 965 3326 ab
988 3282 1026 3325 eo
1053 3261 1175 3325 nullum
1203 3262 1332 3348 pietatis
1360 3283 1408 3325 re·

287 3362 442 3425 sponsum
463 3343 662 3427 accepissent
683 3351 715 3408 et
736 3366 811 3408 eum
834 3343 873 3408 de
896 3366 955 3408 sua
969 3355 1094 3409 tantum
1108 3345 1286 3431 perditione
1302 3343 1407 3408 modis

288 3425 437 3506 omnihus
458 3433 595 3490 tractare
618 3429 853 3511 cognovissent,
875 3428 916 3491 ad
939 3450 994 3491 eos
1015 3429 1071 3514 qui
1092 3450 1165 3492 cum
1188 3449 1225 3493 eo
1244 3430 1407 3515 principes

287 3518 379 3572 erant
399 3507 574 3592 legationes
595 3509 746 3594 dirigrmt,
770 3521 802 3576 et
823 3533 878 3576 eos
893 3522 928 3576 ut
941 3513 1085 3576 animum
1100 3514 1186 3597 regis
1202 3513 1264 3577 sibi
1302 3511 1407 3576 lacare

285 3590 394 3672 velint,
416 3589 576 3656 humiliter
600 3603 723 3678 petunt.
766 3595 820 3658 Ex
848 3594 965 3680 quibus
995 3619 1102 3677 unam,
1131 3617 1228 3695 quam
1291 3595 1407 3681 ageda-

285 3673 456 3759 burgensis
478 3676 739 3763 archiepiscopus
754 3678 941 3762 Magontino
963 3680 1051 3743 misit
1064 3679 1317 3767 archrepiscopo,
1340 3678 1407 3764 pla-

289 3853 312 3904 ο)
328 3854 361 3894 tta
376 3854 510 3894 scribendam
527 3854 582 3906 (cam
602 3850 637 3906 lb)
654 3861 673 3895 et
688 3868 722 3896 res
737 3859 786 3908 ipso
801 3862 820 3896 et
837 3857 954 3899 Annaliun
970 3859 1029 3900 Sacc
1045 3861 1154 3910 inducam·
1177 3869 1257 3902 ceruos
1275 3863 1293 3904 1.
1309 3861 1333 3902 P.
1351 3860 1407 3902 assui

288 3922 368 3952 cervos
384 3914 408 3952 a
423 3913 492 3952 brolio
508 3914 566 3962 quod
581 3919 658 3954 vocant
673 3921 770 3956 cavatos
785 3918 853 3966 maan
865 3919 951 3967 placare
965 3919 1044 3965 fateor.
1075 3919 1105 3961 W
1162 3918 1185 3971 b)
1202 3921 1233 3959 ita
1250 3915 1284 3970 1¹³3
1295 3930 1372 3971 ymmo
1384 3922 1405 3962 1.

288 3969 310 4022 c)
327 3971 469 4022 arripiebat?
488 3972 599 4020 tangebat
620 3974 640 4013 2.
662 3974 686 4012 Ρ.
762 3974 785 4025 d)
801 3977 857 4016 dent
874 3981 893 4016 1.
953 3977 975 4029 e)
998 3978 1030 4016 hic
1047 3979 1122 4027 posita
1142 3984 1193 4018 eunt
1214 3979 1278 4018 verba
1299 3981 1324 4018 in
1344 3979 1403 4018 villa

287 4030 418 4128 {ledgina
437 4033 461 4079 13
477 4030 554 4072 desunt
570 4031 591 4072 t.
666 4031 756 4082 odacar
773 4036 793 4074 1.
810 4029 842 4076 lb.
922 4035 945 4087 g)
962 4047 981 4077 a.
998 4037 1023 4076 in
1039 4037 1126 4077 sacello
1142 4042 1253 4086 argenteo
1268 4049 1290 4079 v.
1308 4032 1341 4082 1¹³.
1356 4037 1406 4078 cod.

310 4099 344 4128 res
360 4118 365 4130 .

290 4235 318 4302 1)
337 4236 491 4306 Steterbury
504 4247 590 4306 prope
608 4240 798 4309 Bramoiyam.
841 4243 877 4294 W.
959 4243 988 4304 2)
1007 4243 1096 4296 Hodie
1121 4243 1294 4311 Wearaqanr
1325 4243 1358 4298 P.
1379 4241 1405 4294 A

287 4310 380 4378 Mopd.
401 4313 438 4364 ad
456 4311 591 4365 meadum
610 4322 647 4366 est
665 4315 732 4367 villa
754 4315 993 4383 Ostenueddinyea.
1038 4317 1075 4369 W.
