3098 4818
292 323 327 374 08
584 321 704 374 BRUNO
723 323 772 374 DE
791 323 910 374 BELLO
931 323 1119 375 SAXONIGO.
1185 351 1190 362 ·

218 491 388 558 rosavellet
415 490 547 557 haberet
568 492 601 554 in
628 500 784 577 potestate
812 489 961 576 populus.
1004 491 1066 555 His
1096 490 1245 557 omnibus
1272 490 1427 577 legaliter

293 575 481 658 constitutis,
503 573 675 640 Rodulfum
691 573 828 640 electum
841 597 952 660 regem
966 574 1187 661 Mogontiam⁸
1206 599 1281 640 cum
1297 597 1425 660 magno

294 660 413 725 honore
435 658 608 738 deducunt,
631 669 663 724 et
684 659 714 724 ei
735 658 813 724 dum
828 661 1101 724 consecrationem
1123 661 1209 746 regis
1224 660 1421 746 accipiebat,

293 742 517 810 venerabiliter
531 753 563 809 et
583 742 716 823 fortiter,
732 745 816 808 sicut
829 765 907 807 mox
920 743 1108 829 apparebat,
1130 746 1292 808 assistunt.
1331 743 1421 809 Osin-

293 839 435 894 secratur
455 839 562 892 autem
578 850 599 891 a
614 825 767 912 Sigifrido
782 827 988 912 Magontinae
1004 829 1145 893 civitatis
1160 827 1419 915 archiepiscopo,

316 909 514 977 raesentibus
528 921 560 976 et
574 910 803 976 adiuvantibus
817 911 889 976 aliis
902 911 1167 998 quamplurimis,
1182 933 1265 977 anno
1280 913 1420 976 Domini

162 1015 229 1058 nere.
246 935 387 1079 scion,
410 998 438 1061 7.
461 994 534 1060 Kal.
556 993 690 1080 Aprilis.

377 1080 428 1146 92.
471 1080 547 1164 Ipso
578 1101 656 1144 vero
686 1079 738 1144 die
773 1080 1022 1144 consecrationis
1049 1081 1117 1148 eius
1146 1102 1249 1166 paene
1279 1079 1418 1164 contigit

293 1163 511 1230 miserandum
533 1163 675 1244 facinus,
703 1173 739 1227 ut
759 1163 849 1228 fieret
871 1163 939 1227 dies
961 1186 1042 1227 unus
1068 1165 1265 1250 principium
1287 1173 1320 1228 et
1339 1163 1415 1227 finis

293 1251 385 1334 regni
399 1249 511 1334 ipsius,
533 1246 620 1312 etde
636 1269 673 1312 eo
688 1269 765 1312 vere
785 1258 897 1333 posset
910 1249 999 1312 nasci
1013 1245 1231 1333 proverbium,
1254 1249 1330 1335 quia
1347 1257 1418 1312 tam

292 1331 374 1420 vigil
394 1354 453 1396 rex
474 1342 567 1414 esset,
589 1339 625 1395 ut
646 1332 680 1394 in
701 1353 800 1416 regno
816 1354 873 1396 suo
895 1353 1071 1418 numquam
1086 1332 1220 1397 vidisset
1240 1344 1417 1395 somnum.¹

179 1427 219 1482 ‘a
231 1431 283 1474 sec.
293 1417 440 1502 Namque
478 1437 553 1479 cum
585 1417 656 1500 ipsa
685 1414 755 1479 die*
784 1415 853 1479 eius
882 1417 1041 1480 unctionis
1077 1417 1111 1479 in
1138 1416 1271 1480 introitu
1296 1417 1418 1479 missae

293 1502 483 1565 invitaretur
512 1497 571 1562 sub
598 1499 726 1563 nomine
748 1498 923 1564 Ierusalem
949 1509 1017 1564 tota
1043 1498 1186 1564 fidelium
1214 1499 1348 1564 ecclesia
1374 1501 1418 1564 ad

293 1584 446 1649 laetitiam
463 1581 671 1668 spiritualem,
692 1583 812 1648 atinde
826 1583 945 1649 habeat
960 1583 1143 1648 omniafere
1160 1583 1302 1666 ecclesia,
1317 1584 1419 1648 etiam

294 1671 329 1734 in
350 1667 508 1753 religiosis
529 1667 683 1752 personis,
705 1668 776 1753 ipso
799 1667 851 1732 die
872 1667 1003 1733 ludendi
1024 1690 1089 1732 non
1111 1667 1324 1754 spernendam
1343 1689 1418 1732 con-

295 1751 510 1817 suetudinem:
533 1749 668 1836 prandio
690 1753 766 1815 novi
788 1753 873 1836 regis
887 1753 988 1832 finito,
1011 1753 1142 1816 iuvenes
1157 1754 1226 1816 eius
1241 1752 1282 1816 ad
1302 1751 1425 1816 ludum-

294 1859 410 1902 venere
433 1857 652 1917 communem,
682 1858 814 1903 causam
838 1835 879 1900 ob
902 1835 1080 1922 duplicem,
1110 1858 1183 1900 cum
1212 1837 1320 1922 regiae
1343 1858 1418 1900 con-

295 1920 491 2001 secretionis,
512 1920 601 1984 tumr
624 1921 728 2004 magis
750 1921 899 2006 antiquae
922 1919 1169 1985 consuetudinis.
1202 1920 1326 1986 Urbani
1341 1942 1418 1984 vero

294 2005 439 2070 videntes
466 2003 551 2066 hunc
577 2002 705 2084 ludum,
734 2004 769 2066 in
798 2003 958 2069 crudelem
988 2015 1062 2068 sunt
1082 2006 1210 2068 accensi
1237 2004 1357 2086 zelum3
1386 2015 1419 2069 et

295 2090 372 2174 quia
385 2089 488 2172 magis
502 2086 654 2152 favebant
668 2088 780 2172 exregi
795 2110 891 2174 quam
906 2111 941 2152 re
965 2091 985 2170 i,
1002 2089 1188 2172 cogitabant
1201 2088 1291 2152 illum
1305 2087 1417 2152 ludum

294 2172 435 2251 turbare,
460 2179 492 2234 et
514 2193 622 2234 semen
644 2169 774 2256 aliquod
796 2173 882 2237 unde
904 2111 1018 2238 seditio
1042 2184 1226 2237 nasceretur
1246 2174 1416 2254 inmittere,

294 2257 337 2320 ad
373 2277 469 2341 quam
504 2254 679 2317 sedandam
716 2254 794 2318 dum
822 2279 880 2320 rex
908 2257 1111 2342 procederet,
1143 2259 1239 2321 modo
1274 2256 1418 2342 quolibet

296 2339 422 2404 occisus
450 2339 602 2402 interiret.
646 2338 804 2404 Miserunt
825 2363 902 2424 ergo
926 2341 1081 2426 quosdam
1106 2363 1180 2404 suos
1204 2342 1352 2422 iuvenes,
1381 2349 1418 2404 ut

296 2421 463 2486 curialium
478 2419 553 2486 ludo
570 2445 604 2486 se
619 2425 798 2508 miscerent,
815 2434 847 2488 et
861 2423 1001 2510 aliquam
1017 2423 1159 2510 qualibet
1169 2437 1235 2490 arte
1251 2427 1417 2489 materiam

295 2505 373 2572 belli
400 2515 629 2572 construerent.
673 2508 788 2606 Itaque
815 2531 898 2573 unus
927 2532 968 2573 ex
995 2509 1074 2594 ipsis
1105 2509 1271 2572 cuiusdam
1300 2509 1417 2573 nobilis

296 2613 339 2656 ex
361 2592 451 2654 curia
473 2591 653 2654 crusinam²
675 2591 778 2678 gulis³
800 2602 944 2658 ornatam
961 2594 1053 2679 quasi
1067 2594 1177 2658 furtim
1198 2593 1363 2678 praecidit,
1387 2602 1419 2658 et

319 2677 390 2739 uasi
418 2674 537 2739 furtum
559 2675 669 2740 volens
697 2675 894 2741 abscondere
916 2678 1062 2759 recessit,
1093 2687 1125 2742 et
1146 2688 1253 2741 tamen
1279 2676 1420 2742 malebat

296 2699 501 2844 deprehendi,
518 2769 554 2823 ut
567 2763 729 2844 acciperet
743 2760 830 2847 quod
844 2763 979 2846 accepit.
1011 2761 1095 2824 Nam
1110 2759 1163 2825 ille
1178 2763 1269 2826 cuius
1284 2760 1419 2826 honesta

296 2846 397 2908 vestis
434 2853 502 2907 erat
536 2843 757 2922 dehonestata,
788 2853 824 2909 ut
857 2844 946 2909 illum
974 2847 1030 2932 qui
1063 2867 1140 2910 suae
1166 2846 1265 2910 vestis
1293 2855 1418 2931 partem

296 2925 444 3012 gestabat
471 2927 633 2990 insecutus
663 2939 725 3010 est,
758 2927 927 3014 colaphum
956 2931 986 2993 ei
1012 2939 1137 2994 tantum
1166 2929 1270 3012 dedit,
1304 2932 1419 3016 suique

296 3011 478 3075 vestimenti
504 3010 692 3093 particulam
720 3015 850 3096 recepit.
894 3013 987 3077 Tunc
1010 3013 1124 3078 urbani
1144 3013 1178 3076 in
1199 3014 1350 3078 subsidiis
1377 3015 1420 3079 ad

296 3093 359 3158 hoc
387 3094 493 3178 ipsum
522 3092 660 3176 collecti,
694 3095 828 3159 curiales
864 3097 1003 3162 inermes
1032 3099 1199 3162 incurrunt
1227 3100 1357 3180 armati,
1387 3109 1420 3164 et

297 3175 414 3242 multos
430 3200 472 3242 ex
494 3179 539 3241 eis
555 3179 671 3242 acriter
685 3178 943 3263 vulneraverunt,
967 3180 1008 3244 ali
1032 3203 1091 3246 uos
1107 3183 1203 3246 etiam
1220 3182 1417 3248 occiderunt.

296 3261 382 3326 Nam
409 3283 498 3325 arma
525 3260 691 3326 curialium
719 3265 752 3326 in
779 3263 837 3328 hos
861 3265 925 3329 itiis
953 3205 1121 3348 dersellicta,
1151 3266 1228 3330 dum
1249 3267 1313 3352 ipsi
1335 3269 1418 3332 circa

297 3368 407 3429 regem
438 3345 620 3432 frequentes
653 3357 773 3430 essent,
807 3286 921 3414 urbani
950 3351 1208 3436 praeripuerant,
1241 3361 1273 3414 et
1297 3373 1339 3415 ne
1363 3350 1417 3435 illi,

299 3452 435 3516 quorum
467 3441 572 3511 erant,
607 3453 645 3495 ea
676 3433 819 3496 invenire
845 3445 978 3519 possent
1006 3435 1187 3499 effecerant.
1238 3435 1311 3499 Rex
1342 3435 1419 3500 talia

297 3513 410 3578 videns
431 3513 560 3580 volebat
582 3538 615 3579 se
637 3516 781 3602 periculo
804 3517 891 3599 dare,
914 3526 946 3582 et
959 3516 1010 3582 vel
1032 3539 1107 3582 suos
1130 3519 1253 3604 eripere
1268 3517 1418 3583 vel-cum

298 3597 345 3660 eis
367 3597 461 3661 simul
483 3600 689 3682 occumbere,
715 3599 773 3665 sed
795 3602 851 3686 qui
873 3602 959 3666 circa
980 3624 1053 3666 eum
1076 3613 1181 3685 erant,
1209 3613 1312 3667 totum
1333 3601 1419 3667 hunc

298 3679 471 3745 tumultum
493 3692 624 3828 propter
645 3706 719 3748 eum
739 3685 837 3748 fuisse
859 3685 1023 3771 inceptum
1041 3695 1271 3772 cognoverunt,
1293 3696 1325 3750 et
1345 3687 1418 3752 ideo

298 3787 373 3829 enm
395 3763 434 3828 de
461 3787 502 3850 pa
514 3775 578 3830 atio
600 3765 792 3832 descendere
821 3791 886 3832 non
915 3772 1137 3869 permiserunt.
1183 3770 1420 3837 Oontraxerunt

299 3870 377 3934 ergo
408 3871 442 3913 se
470 3847 604 3914 curiales
633 3860 666 3915 et
695 3853 798 3915 omnis
826 3864 985 3919 exercitus
1013 3856 1047 3917 in
1074 3855 1229 3920 maiorem
1251 3853 1419 3920 ecclesiam

298 3955 322 4008 a)
340 3957 498 4006 Mogontinam
517 3961 535 3999 l.
554 3954 587 3998 1¹³.
638 3958 672 4011 b)
688 3965 767 4000 tamen
784 3963 805 4001 1.

301 4034 330 4100 1)
349 4035 409 4086 Hoc
428 4037 460 4087 cie
480 4036 585 4088 consule
605 4054 630 4088 a.
652 4039 703 4087 709
726 4036 813 4090 Cicero
827 4040 904 4102 dixit,
926 4042 996 4106 qnod
1008 4039 1142 4092 Moerohio
1156 4042 1288 4106 referente
1301 4050 1420 4094 nostrum

299 4109 425 4160 didicisse
439 4117 515 4175 puto.
552 4109 587 4162 W.
645 4109 674 4177 2)
692 4109 710 4162 i.
731 4129 752 4164 e.
769 4113 916 4177 pelliceum,
936 4123 965 4164 nt
983 4116 1062 4182 culpo
1082 4113 1201 4178 vertitur,
1221 4115 1269 4168 scol
1288 4115 1418 4168 bohemios

299 4178 423 4232 Krniina
436 4191 473 4234 est
483 4183 561 4236 vestis
574 4192 648 4234 rotae
657 4185 777 4250 formans
789 4187 906 4252 referens
921 4185 1111 4253 [Rodrnantel],
1127 4205 1144 4238 n
1158 4188 1237 4240 verbo
1250 4189 1326 4250 kral,
1346 4189 1419 4252 qnod

298 4262 338 4303 est
356 4253 478 4308 circulus.
524 4257 557 4308 W.
634 4259 662 4324 3)
682 4258 816 4309 Pellicnlis
840 4260 956 4312 mnriwn
967 4259 1105 4327 pretiosis,
1132 4279 1200 4326 qnae
1226 4277 1419 4326 nonnunquam

299 4325 451 4378 rubricatas
463 4330 551 4394 fnisse
570 4329 688 4396 lepirnus.
727 4331 758 4383 P.
