3116 4822
151 659 173 698 1.
184 657 287 712 1011.t,1.

183 1742 285 1791 Ioum

130 2002 288 2056 renuas

145 2929 244 2986 lotoe
252 2933 288 2974 lt.

183 3247 231 3289 Ier.
237 3248 258 3300 4,
266 3247 287 3288 t.

150 3621 153 3628 ,
162 3581 288 3634 'sonate

299 385 334 434 32
482 385 532 434 ΒΕ
551 385 709 436 UNITATE
729 385 935 438 EOOLESIAE
955 383 1230 438 consueverint.

319 555 455 617 uooiorn
470 555 558 616 uouit
579 563 608 616 et
623 575 711 616 uuor
726 553 795 616 iam
810 554 848 616 iu
862 556 985 619 mundo
1000 565 1064 636 eot,·
1087 553 1170 617 sicut
1192 552 1269 617 dicit
1290 563 1419 618 sanctus

297 573 457 700 lohannes
472 635 651 735 apostolus:
673 636 813 720 Ideoque
826 637 993 722 probatos
1018 641 1127 718 iritoo,
1151 640 1181 701 ei
1195 659 1235 702 eoa
1246 638 1316 703 Deo
1332 651 1420 702 suot.

298 720 435 805 Scripsit
457 743 542 784 enim
557 718 750 785 Hildebrant
770 741 865 805 papa,
888 661 1068 786 secunilum
1083 721 1169 808 quod
1185 721 1421 806 supradictum

297 813 375 886 est¹,
391 804 590 868 Herimenno
601 804 738 870 Metensi
750 805 913 890 episcopo,
933 805 1020 891 quod
1035 806 1105 890 ipse
1120 803 1269 890 exemplo
1284 805 1420 870 alicuius

296 888 434 952 Romani
454 888 616 974 pontificis
639 897 831 974 potestatem
852 887 1001 954 hebuerit
1023 889 1147 954 solvere
1172 912 1192 953 a
1218 900 1420 956 sacramento

295 974 460 1058 principes
472 973 573 1058 regni,
586 973 684 1036 immo
697 971 821 1037 solvere
832 973 918 1038 ineis
927 984 1173 1056 sacramentum,
1186 995 1250 1073 quo
1263 973 1360 1039 fidem
1369 975 1422 1039 vel

296 1065 426 1142 paetum
448 1057 664 1142 promiserant
680 1056 751 1155 regi
770 1077 838 1121 suo.
881 1059 1089 1139 Miseremini,
1111 1080 1129 1122 o
1153 1059 1315 1157 principes
1329 1061 1421 1144 regni

295 1138 452 1221 caelestis,
466 1140 605 1226 populus
617 1141 691 1222 Dei,
707 1163 735 1203 sr
749 1151 858 1205 tamen
874 1145 951 1206 estis
966 1141 1104 1228 pacifici,
1124 1152 1157 1206 et
1171 1143 1198 1205 si
1213 1151 1289 1206 estis
1304 1143 1337 1204 in
1352 1144 1421 1206 uni-

295 1235 361 1290 tate
373 1223 528 1288 ecclesiae
536 1225 609 1301 Dei,
626 1246 695 1306 vos,
713 1225 857 1309 inquam,
868 1227 1075 1308 miseremini,
1087 1228 1186 1289 immo
1198 1225 1420 1310 indignemini,

296 1306 385 1394 quod
407 1309 590 1373 aestimavit
611 1329 669 1371 vos
693 1306 765 1372 talis
787 1311 952 1392 momenti,
975 1319 1011 1374 ut
1032 1318 1170 1394 putaret,
1190 1331 1248 1373 vos
1271 1332 1365 1395 posse
1387 1313 1421 1374 in

294 1390 378 1456 hanc
400 1393 590 1456 sententiam
612 1391 741 1472 adduci,
764 1401 801 1456 ut
822 1392 855 1456 id
878 1393 964 1480 quod
986 1415 1050 1458 non
1072 1403 1179 1478 potest
1197 1393 1267 1458 fieri
1283 1393 1421 1458 credatis

295 1498 392 1562 posse
412 1475 492 1539 fieri.
531 1475 616 1539 Nam
638 1484 875 1540 sacramentum
896 1479 1015 1543 dicitur
1037 1499 1165 1564 quoque
1187 1477 1420 1559 iusiurandum,

295 1568 328 1624 et
349 1567 585 1624 sacramentum
608 1559 730 1624 dictum
753 1567 801 1624 est
822 1560 863 1624 ab
891 1584 929 1626 eo
953 1561 1041 1648 quod
1070 1563 1112 1625 sit
1133 1583 1261 1626 sacrum
1284 1563 1421 1648 signum,

295 1651 341 1726 ut,
364 1642 441 1706 dum
463 1643 633 1709 visibiliter
653 1643 877 1709 iusiurandum
900 1647 1017 1730 agitur,
1040 1645 1211 1710 invisibilis
1233 1650 1279 1710 rei
1295 1668 1421 1711 sacrum

296 1728 425 1812 signum
447 1726 652 1812 intelligatur.
690 1729 824 1794 Iurabis
847 1732 943 1811 cotim,
965 1732 1069 1816 inquit
1085 1731 1254 1813 Dominus,
1276 1733 1313 1795 io
1336 1732 1419 1796 ocri-

296 1822 370 1892 tote,
393 1814 429 1876 io
445 1813 570 1878 iudicio
587 1823 616 1876 et
630 1814 668 1876 io
682 1813 821 1878 iustitia.
860 1813 941 1894 Quis
964 1817 1049 1878 enim
1071 1823 1178 1899 potest
1193 1813 1272 1878 haec
1287 1814 1420 1896 solvere,

320 1917 397 1974 uae,
437 1897 520 1960 sicut
551 1893 718 1980 psalmista
750 1897 809 1978 ait,
850 1909 924 1962 sunt
956 1920 1055 1983 opera
1092 1919 1246 1961 manuum
1283 1910 1420 1977 tuarum,

295 1917 456 2044 llomine?
505 1980 615 2065 Opera
635 2003 795 2044 munaum
815 1983 896 2063 ciue,
923 1984 1028 2068 inquit
1048 1979 1224 2068 psalmista,
1253 1985 1373 2047 veritas
1394 1993 1423 2048 et

295 2065 477 2146 iudicium,
498 2063 618 2148 fldelic
641 2067 752 2129 omnio
773 2066 935 2129 orandoto
961 2068 1033 2130 eiua
1063 2065 1258 2146 confirmato
1285 2069 1323 2130 iro
1352 2089 1421 2130 soe-

297 2148 406 2212 culum
429 2148 564 2228 saecoli,
576 2147 679 2230 facto
700 2150 737 2210 io
760 2149 893 2212 ueritate
916 2159 944 2213 et
967 2153 1138 2235 aequitate.
1176 2149 1286 2235 Opera
1301 2153 1422 2236 quippe

296 2231 424 2296 virtutis
440 2231 503 2294 Dei
525 2238 599 2295 sunt
620 2233 750 2311 veritas,
770 2230 927 2296 iudicium
947 2241 979 2298 et
992 2233 1124 2314 iustitia,
1147 2244 1179 2298 et
1192 2233 1300 2298 fidelia
1315 2236 1423 2298 omnia

298 2313 450 2380 mandata
471 2316 541 2378 eius
563 2323 646 2396 sunt,
670 2335 752 2399 quae
767 2336 831 2379 non
846 2317 1013 2381 variantur
1026 2339 1131 2402 neque
1146 2327 1320 2400 mutantur,
1343 2340 1421 2404 quo·

295 2399 383 2462 niam
405 2397 592 2462 confirmata
613 2398 647 2460 in
662 2397 826 2462 saeculum
842 2399 961 2466 saeculi
983 2423 1042 2549 per
1062 2399 1204 2466 humana
1217 2401 1320 2466 verba
1334 2401 1421 2466 nullo

296 2481 392 2547 modo
415 2480 592 2564 solvuntur,
615 2502 698 2568 quae
720 2483 821 2547 verbo
836 2484 901 2550 Dei
922 2507 982 2550 con
1007 2495 1163 2568 rmantur,
1184 2485 1271 2550 facta
1292 2489 1325 2549 in
1340 2489 1422 2552 veri-

296 2576 361 2632 tate
383 2575 415 2632 et
435 2567 606 2653 aequitate.
650 2565 778 2632 Veritas
801 2569 886 2633 enim
914 2579 972 2646 est,
1001 2592 1065 2668 qua
1094 2569 1180 2634 dicte
1209 2570 1421 2656 complentur,

295 2652 450 2738 aequitas,
480 2672 544 2737 qua
570 2652 653 2714 iuste
674 2652 890 2737 proferuntur,
918 2653 1075 2718 iudicrum
1097 2674 1173 2719 vero
1195 2664 1253 2736 est,
1285 2676 1348 2740 quo
1370 2654 1423 2721 vel

295 2736 398 2800 iustus
427 2735 478 2799 vel
509 2736 647 2799 iniustus
673 2737 802 2822 utrique
827 2760 886 2823 pro
917 2739 1040 2802 meritis
1058 2738 1139 2800 ,suis
1167 2748 1421 2810 remunerantur.

297 2818 373 2884 Sive
395 2819 551 2884 iudicium
574 2819 702 2900 dicitur,
725 2823 816 2884 iuxta
838 2821 925 2907 quod
946 2823 981 2885 in
1001 2822 1084 2886 libro
1106 2819 1193 2886 beati
1208 2823 1267 2888 lob
1290 2821 1421 2906 legitur:

297 2904 464 2990 Nunquiol
497 2907 556 2990 qui
590 2927 657 2967 ooo
691 2916 780 2968 omar
811 2907 974 2969 iudicium
1008 2907 1128 2968 sonori
1158 2905 1284 2989 potest?
1326 2907 1422 2972 Unde

298 2996 426 3050 sanctus
456 3008 543 3071 papa
566 2987 760 3072 Gregorius:
786 3000 867 3054 Amat
892 3002 1031 3067 iodicium,
1058 2989 1193 3074 inquit²,
1220 3004 1340 3071 quisquis
1362 3005 1422 3058 viae

297 3093 362 3128 suos
377 3075 507 3128 occiditur
520 3075 636 3140 discutit,
656 3082 680 3128 et
693 3076 864 3128 secretarium
877 3075 965 3128 cordio
977 3075 1121 3143 inpressas,
1141 3079 1207 3144 qaid
1218 3077 1352 3130 Dominus
1370 3079 1424 3144 ipsi

296 3149 396 3201 tribuat
404 3155 426 3213 θ,
446 3149 511 3214 quid
529 3147 587 3216 ipse
600 3147 714 3200 Domino
733 3149 836 3213 debeat,
853 3158 958 3216 pensat.
995 3150 1059 3202 Telo
1071 3150 1202 3203 iudicium
1215 3151 1262 3218 qui
1273 3169 1328 3204 uon
1341 3158 1421 3215 amat,

296 3230 420 3296 uunquid
433 3231 528 3282 sonori
534 3231 642 3298 polesot
672 3217 807 3281 Iurabit
821 3219 918 3298 enim,
939 3217 986 3282 all:
1000 3217 1171 3300 DomanS,
1193 3222 1229 3283 iro
1246 3221 1379 3282 veritate
1394 3229 1424 3282 et

296 3301 335 3363 iu
356 3298 483 3363 iudicio
505 3309 534 3362 et
554 3301 695 3364 iustitio.
732 3301 784 3366 De
807 3299 925 3386 quibus
947 3303 975 3366 si
996 3300 1111 3388 aliquis
1134 3302 1257 3366 solutus
1279 3303 1377 3366 fuerit
1391 3313 1423 3367 et

296 3379 376 3445 nihil
396 3381 511 3446 horum
534 3381 682 3448 habuerit
702 3381 754 3448 vel
775 3385 940 3467 amaverit,
962 3385 1041 3472 quid
1062 3396 1140 3450 tunc
1161 3385 1242 3450 erit?
1274 3386 1422 3452 Profecto

297 3465 438 3531 mendax
453 3474 486 3532 et
506 3467 644 3531 iniustus
660 3468 755 3532 etiam
777 3467 946 3551 iudicatus,
969 3471 1045 3555 quia
1059 3471 1201 3535 mendax
1223 3479 1255 3535 et
1276 3471 1422 3535 iniustus.

297 3549 426 3614 Veritas
437 3551 558 3636 quippe
569 3549 711 3636 loquitur
724 3553 759 3616 in
773 3553 941 3638 euangelio
957 3553 997 3618 de
1013 3552 1156 3620 diabolo:
1172 3555 1246 3637 Ille,
1261 3555 1420 3640 inquiens,

297 3634 463 3700 homicida
475 3646 546 3700 orat
557 3635 598 3700 ab
610 3637 705 3700 initio
717 3647 746 3703 et
756 3640 793 3702 iu
805 3639 938 3703 ueritate
949 3661 1016 3703 ooo
1028 3641 1122 3720 stetit,
1134 3642 1215 3724 poio
1225 3641 1421 3703 oeritooooo

296 3729 343 3783 eat
353 3719 390 3782 io
402 3739 448 3784 eo.
481 3717 560 3784 Oura
570 3719 718 3803 loquitor
727 3723 945 3803 mendaciora,
957 3725 1159 3808 euprepitis
1169 3723 1200 3786 lo
1223 3723 1324 3800 uitur,
1340 3721 1421 3806 quia

296 3803 502 3882 mendacioso,
515 3801 569 3884 ait,
581 3814 610 3866 et
616 3807 801 3886 potereius,
812 3804 847 3868 id
857 3813 906 3870 est
914 3807 1015 3890 ipsius
1024 3806 1192 3872 mendacii.
1249 3803 1422 3869 endacium

298 3907 389 3949 suum
401 3885 472 3970 ipse
483 3887 604 3970 genuit,
615 3909 635 3950 a
645 3887 911 3957 nemineaudivit.
934 3889 1203 3971 QuomodoDeus
1211 3888 1424 3974 Patergenuit

298 3967 416 4034 Filium
427 3971 606 4051 veritatem,
619 3970 665 4034 sic
677 3971 824 4038 diabolus
834 3973 944 4058 lapsus
955 3976 1068 4058 genuit
1079 3973 1171 4061 quasi
1180 3969 1283 4036 filium
1291 3972 1421 4038 menda·

296 4054 394 4123 oium.
414 4053 825 4140 ErgoveritasestDei,sed
833 4055 1265 4140 mendaciumestdiaboli,et
1273 4058 1421 4145 quisquis

297 4216 321 4270 a)
337 4217 418 4259 tribuit
435 4219 455 4258 l.

301 4349 329 4416 1)
351 4349 392 4402 cf.
412 4366 436 4402 c.
456 4349 483 4400 4.
541 4348 570 4415 2)
591 4349 715 4414 Gregorii
724 4350 820 4402 Morol.
838 4351 938 4412 XXIV,
950 4349 994 4413 24,
1015 4349 1084 4417 Opp.
1106 4351 1147 4404 ed.
1162 4353 1266 4410 Bened.
1280 4353 1303 4418 I,
1319 4370 1345 4420 p.
1361 4353 1423 4406 ⁷85.
