3116 4822
161 577 194 622 cf.
209 576 291 618 Marta.

201 638 221 688 5,
235 637 270 677 19.

168 753 201 795 cl.
211 755 230 794 1.
240 752 290 792 Ioh.

208 813 230 864 3,
239 813 260 854 8.

138 1197 168 1238 ol.
179 1196 232 1238 Gal.
241 1197 261 1244 1,
270 1195 291 1236 8.

208 2127 290 2182 (xvn)

178 2253 289 2294 Proverb.

200 2313 277 2366 anso.

304 333 340 382 36
490 333 539 384 DE
559 333 717 388 UNITATE
737 335 942 388 EOOLESIAE
963 333 1239 388 CONSERVANDA.

303 505 368 588 ubi,
392 513 512 604 quanto
534 503 702 568 sublimior
722 505 879 569 institutio
901 513 998 590 atque
1014 503 1167 584 doctrina,
1190 512 1280 568 tanto
1295 504 1426 588 gravior

302 599 429 654 exacuo
451 599 548 676 atquc
563 587 715 670 vindicta,
739 590 767 652 si
782 591 854 675 quis
877 587 1007 654 solverit
1028 587 1079 653 vel
1099 609 1198 651 unum
1221 587 1261 652 de
1283 589 1424 652 minimis

302 674 435 738 Domini
457 673 626 754 mandatis,
650 693 733 758 quae
756 675 875 758 scripta
897 675 1027 738 suntin
1048 671 1128 756 lege,
1152 695 1235 758 quae
1257 693 1317 737 noo
1339 672 1423 736 filius

301 759 366 822 Dei
387 759 475 822 venit
497 757 629 840 solvere,
652 756 711 820 sed
733 756 919 843 adimplere,
942 779 1102 843 apparens
1125 766 1210 821 certe
1237 778 1336 842 opera
1358 757 1424 820 dia-

303 841 368 907 boli
390 843 525 922 solvere,
548 863 631 928 quae
654 842 750 906 etiam
774 843 934 907 concessit
963 842 1146 906 sacerdotes
1171 842 1205 904 in
1228 841 1327 906 verbo
1349 841 1423 921 Dei,

301 929 334 991 in
367 928 486 991 virtute
513 927 577 991 Dei
607 925 740 996 solvere.
792 927 883 991 Haec
912 927 1047 992 obsecro
1081 925 1297 1008 considerate,
1331 935 1363 989 ct
1395 927 1424 990 si

301 1009 433 1097 angelus
467 1012 562 1074 etiam
596 1009 636 1075 de
664 1009 752 1074 caelo
783 1010 884 1094 aliter,
913 1032 1010 1097 quam
1039 1009 1295 1094 euangelizatum
1326 1019 1375 1074 est
1404 1032 1424 1073 a

301 1097 385 1176 Deo,
416 1095 686 1181 euangeliuaverit
715 1093 817 1178 vobis,
846 1116 911 1158 non
940 1095 1104 1177 attendite,
1133 1095 1210 1182 quia
1236 1093 1308 1159 talis
1333 1096 1424 1158 iuxta

301 1203 320 1243 a
346 1179 514 1244 ostolicam
546 1179 633 1244 beati
664 1178 757 1242 Pauli
790 1181 1023 1260 auctoritatem,
1059 1201 1118 1265 per
1154 1201 1250 1265 quem
1281 1177 1424 1265 loquitur

302 1203 461 1346 Obristus,
508 1273 641 1348 erpetuo
664 1263 854 1328 maledictus
877 1274 926 1328 est
946 1263 1159 1328 anathemate.

387 1349 435 1417 16.
501 1348 674 1430 cocenim,
697 1356 733 1410 ut
755 1367 852 1432 saepe
875 1347 997 1412 dictum
1020 1359 1100 1429 est1,
1123 1369 1215 1412 omne
1239 1348 1324 1433 quod
1346 1349 1422 1411 irre-

323 1431 516 1497 rehensibile
550 1441 598 1496 est
636 1429 794 1495 catholica
821 1431 957 1497 eeclesia
987 1431 1166 1514 defendit²,
1200 1431 1336 1518 ideoque
1369 1430 1421 1496 vel

300 1455 491 1580 bachariam
522 1515 574 1580 vel
602 1514 803 1600 Stephanum
832 1517 995 1580 Romanos
1025 1515 1193 1602 pontifices
1221 1538 1280 1602 pro
1308 1518 1421 1582 merito

300 1622 376 1664 suae
398 1599 563 1684 religionis
585 1609 617 1664 et
630 1601 785 1665 virtutum
801 1599 954 1683 defendit,
976 1623 1113 1749 (luorum
1135 1609 1256 1681 neuter,
1278 1611 1315 1664 ut
1336 1611 1421 1667 certo

300 1685 429 1767 scimus,
447 1685 666 1770 Francigenas
683 1706 703 1748 a
719 1685 896 1750 iuramento
918 1685 982 1750 fide
998 1687 1082 1750 'tatis
1105 1707 1191 1768 suae,
1215 1706 1311 1770 quam
1326 1683 1422 1750 alicui

300 1769 525 1855 promisissent
546 1769 623 1854 regi,
646 1767 794 1850 absolvit,
818 1771 903 1834 sicut
918 1769 1112 1835 Hildebrant
1133 1791 1219 1856 papa
1241 1771 1369 1855 scripsit
1391 1779 1422 1834 et

300 1853 509 1939 praedicavit,
538 1862 574 1916 ut
603 1851 660 1918 tali
689 1855 838 1940 exemplo
869 1854 1093 1940 deciperentur
1124 1855 1227 1939 princi
1254 1875 1287 1918 es
1319 1855 1420 1940 regni,

301 1939 393 2023 quasi
423 1939 493 2023 ipse
520 1948 630 2023 posset
658 1937 824 2003 absolvere
854 1961 909 2003 eos
936 1959 957 2001 a
986 1949 1185 2004 sacramento
1239 1938 1300 2019 dei,
1325 1961 1421 2026 quam

300 2024 484 2087 iuraverant
504 2023 573 2107 regi
595 2043 653 2086 suo
675 2023 710 2086 in
731 2024 860 2087 nomine
882 2023 1026 2104 Domini,
1054 2022 1223 2088 intendens
1251 2045 1325 2086 eum
1350 2045 1421 2108 per-

300 2095 375 2171 inde
397 2127 417 2169 a
439 2128 540 2191 regno
562 2107 685 2191 privari
706 2115 802 2192 atque
824 2107 953 2192 deponi.
999 2107 1095 2188 Quod
1117 2130 1190 2171 cum
1213 2130 1271 2194 per
1299 2107 1357 2170 hos
1381 2109 1421 2171 14

301 2200 357 2254 aut
378 2212 417 2254 eo
439 2190 578 2275 amplius
600 2189 702 2254 annos
724 2190 908 2276 frequenter
928 2201 1118 2276 temptatum
1141 2193 1191 2273 sit,
1214 2192 1256 2255 ad
1271 2192 1421 2256 effectum

301 2284 409 2338 tamen
430 2274 600 2359 pervenire
621 2294 687 2337 non
702 2279 816 2360 potuit,
839 2277 1001 2362 quoniam,
1024 2285 1060 2340 ut
1079 2275 1244 2340 Salomona
1259 2277 1320 2340 ait:
1343 2277 1420 2340 Noa

300 2369 346 2423 est
375 2361 552 2444 sapientia,
579 2380 646 2422 oon
675 2369 721 2422 est
739 2358 917 2444 fortitudo,
946 2383 1013 2424 nou
1041 2369 1086 2424 est
1113 2361 1284 2425 consiliant
1305 2371 1420 2424 contra

301 2444 489 2508 Dominum.
533 2442 621 2526 Ergo
653 2442 860 2507 Hildericbus
889 2465 954 2508 non
982 2467 1027 2526 re,
1055 2443 1112 2508 sed
1139 2444 1268 2508 nomine
1295 2453 1418 2509 tanturn

299 2525 467 2610 regnabat,
490 2527 642 2612 quoniam
664 2526 752 2613 apud
766 2529 904 2593 maiores
920 2529 1034 2593 domus
1056 2539 1124 2594 tota
1145 2528 1314 2615 dispositio
1328 2529 1420 2614 regni

300 2621 332 2676 et
353 2619 419 2675 tota
440 2619 582 2696 potestas
604 2615 696 2696 regni
718 2622 795 2696 erat,
840 2613 905 2677 uod
926 2614 972 2678 ita
992 2615 1063 2679 fieri
1093 2613 1203 2678 divina
1224 2613 1420 2698 dispensatio

299 2695 395 2782 longe
429 2705 503 2760 ante
537 2695 749 2761 ordinaverat.
835 2719 887 2760 am
913 2697 1099 2762 Lodovicus
1133 2699 1201 2762 sive
1229 2697 1420 2770 Olodoveus,

323 2779 433 2844 loriosi
461 2781 546 2865 regis
568 2779 749 2866 Dagoberti
775 2780 871 2862 filius,
901 2781 990 2846 disco
1021 2783 1170 2868 operiens
1195 2804 1311 2868 corpus
1333 2781 1420 2847 beati

333 2865 452 2950 ionysii
474 2866 634 2948 martyris,
661 2865 829 2930 brachium
858 2865 926 2930 eius
957 2865 1063 2951 fregit,
1092 2868 1200 2930 statim
1222 2865 1419 2951 stupefactus

299 2951 332 3012 in
354 2949 528 3012 amentiam
550 2948 663 3012 incidit
685 2961 717 3014 et
738 2970 802 3012 non
817 2949 1040 3034 postmultum
1059 2953 1213 3036 temporis
1228 2952 1328 3015 vitam
1345 2973 1419 3015 cum

299 3053 399 3116 regno
421 3033 526 3095 finivit
535 3041 557 3097 ³.
589 3031 690 3096 Cuius
712 3035 943 3120 praesumptio,
967 3035 1085 3122 quain
1108 3046 1255 3100 sanctum
1270 3035 1339 3100 Dei.
1372 3057 1420 3102 eo·

300 3126 438 3198 caverat,
460 3117 494 3178 in
515 3126 660 3215 posteros
684 3138 812 3203 quoque
833 3118 1035 3202 redundavit,
1059 3121 1219 3204 quoniam,
1242 3120 1323 3184 siout
1344 3059 1420 3205 ligi-

299 3213 351 3266 tur
377 3201 412 3262 in
439 3197 547 3264 Gestis
578 3201 777 3265 Francorum
786 3211 810 3284 ⁴,
837 3203 955 3268 exinde
983 3202 1118 3268 diversis
1143 3213 1241 3290 atque
1262 3204 1421 3289 pestiferis

299 3284 429 3350 casibus
458 3305 593 3370 regnum
620 3285 817 3350 Francorum
847 3288 999 3352 concidit.
1042 3289 1219 3373 Postquam
1247 3290 1331 3353 enim
1355 3287 1419 3354 duo

298 3369 356 3432 filii
382 3369 451 3433 eius
480 3370 574 3454 regni
602 3391 812 3452 successores,
836 3371 997 3437 Olotarius
1019 3371 1142 3437 seilicet
1163 3385 1260 3460 atque
1282 3373 1421 3438 Hilderi·

298 3453 389 3536 chus,
410 3455 443 3516 in
466 3455 633 3539 primaeva
654 3463 758 3520 aetate
781 3457 955 3540 perierunt,
984 3478 1068 3520 unus
1090 3459 1253 3522 communi
1277 3460 1419 3522 omnium

300 3549 402 3602 morte
430 3538 611 3620 defunctus,
639 3538 719 3605 alter
747 3551 878 3625 propter
905 3562 1030 3605 morum
1057 3541 1262 3606 insolentiam
1284 3544 1419 3621 occisus,

299 3621 522 3687 Theodorious
558 3625 669 3688 tertius
711 3623 810 3688 frater
845 3624 954 3689 multis
991 3624 1242 3691 adversitatibus
1279 3635 1310 3689 et
1344 3633 1419 3689 ante

298 3727 434 3790 regnum
458 3716 490 3770 et
510 3708 542 3768 in
564 3728 664 3792 regno
687 3716 736 3772 est
757 3706 913 3792 afflictus3
936 3710 1027 3774 cuius
1043 3711 1145 3774 maior
1167 3709 1291 3789 domuS,
1314 3708 1348 3772 id
1371 3721 1419 3774 est

299 3789 448 3876 provisor
469 3789 591 3876 palatii,
618 3791 717 3856 immo
739 3790 876 3858 violator
898 3794 1019 3882 palatii,
1042 3796 1150 3859 extitit
1171 3792 1300 3880 quidam
1316 3793 1420 3860 Ebro·

298 3875 393 3938 inusl‘
415 3884 573 3962 apostata,
603 3876 659 3963 qui
680 3877 763 3940 inter
784 3876 847 3942 alia
868 3879 1050 3964 tyrannidis
1071 3900 1146 3942 suae
1168 3887 1199 3941 et
1221 3877 1419 3944 crudelitatis

298 3959 442 4024 facinora
471 3967 618 4024 sanctum
645 3959 880 4046 Leodegarium
910 3966 1100 4050 episcopum
1133 3972 1164 4027 et
1192 3963 1322 4028 fratrem
1351 3965 1419 4029 eius

299 4102 322 4155 a)
339 4103 451 4145 Solonion
467 4107 487 4144 1.
577 4103 601 4156 b)
617 4105 733 4146 Ebronius
751 4109 771 4147 1.

301 4199 329 4266 1)
357 4200 398 4252 Of.
425 4217 448 4252 c.
470 4201 513 4251 13.
605 4199 633 4268 2)
659 4201 810 4253 Marcellini
836 4203 951 4269 epistula
976 4203 1014 4266 11,
1040 4217 1064 4253 c.
1084 4203 1110 4268 3,
1137 4206 1283 4258 Hinschius
1309 4225 1335 4274 p.
1356 4207 1418 4260 222.

298 4271 330 4339 3)
350 4273 433 4326 Gesta
455 4274 604 4340 Dagcberti
622 4277 702 4340 regis,
729 4277 853 4344 Bouquet
872 4277 909 4339 11,
929 4276 991 4328 596.
1066 4275 1096 4341 4)
1117 4277 1201 4330 Gesta
1220 4297 1313 4346 regum
1334 4281 1418 4332 Fran-

299 4361 399 4410 corum,
418 4348 542 4416 Bouquet
560 4347 598 4412 11,
620 4349 683 4398 569.
