3116 4822
628 369 845 422 PRAEFATIO.
1260 374 1301 424 XI

179 540 259 606 clus
290 537 558 619 Hersoeloleusis‚
586 541 644 624 qui
670 537 789 602 librum
818 540 857 603 (le
887 541 1013 604 unitate
1046 541 1198 606 eeclesiae
1226 567 1300 608 con-

178 624 344 688 seruando
366 623 546 706 scripserit,
565 631 693 706 posteo,
716 623 773 686 secl
792 626 990 709 priusquam
1004 623 1107 706 finem
1135 628 1301 692 scribendi

175 707 311 788 faceret,
334 709 510 792 episcopus
523 705 789 791 Numburpensis
802 706 922 791 fuctus
941 710 982 773 sit
997 733 1107 774 necne.
1135 711 1302 776 Nonnulli

176 814 287 856 eorum
330 793 368 855 ui
390 792 476 854 bunc
498 812 634 854 causam
656 799 881 856 tractaverunt
908 794 1106 874 minimest,
1133 795 1172 860 cle
1194 799 1299 880 scrip·

176 886 243 940 tore
278 815 357 940 libri
384 877 489 940 nostri
515 873 601 937 nibil
639 873 783 960 amplius
822 877 892 940 elici
910 900 1011 962 posse
1051 900 1150 961 quam
1184 902 1298 944 mona-

176 961 272 1024 cbum
301 982 373 1024 eum
386 958 499 1044 fuisse
522 957 797 1024 Hersoelelensem.
838 960 926 1024 Velut
941 961 1185 1046 Helmsclbrfer¹
1208 965 1299 1045 elicit,

177 1044 264 1110 nibil
290 1043 385 1108 alind
408 1043 628 1126 descriptore
655 1053 766 1108 nostro
792 1045 862 1108 clici
878 1067 987 1128 posse,
1010 1049 1078 1109 nisi
1100 1071 1171 1112 eum
1193 1051 1298 1133 scrip-

178 1130 264 1192 sisse¹
282 1149 371 1192 auno
396 1127 489 1191 1093.
518 1135 546 1190 et
574 1129 744 1212 scripsisse
772 1129 809 1190 in
839 1132 1035 1193 monasterio
1059 1131 1299 1214 Hereueldensi,

178 1213 266 1298 quocl
287 1212 410 1277 eluceat
432 1233 473 1274 esc
495 1211 660 1296 capitibus
687 1212 732 1292 ΙΙ,
755 1211 806 1276 28.
829 1213 965 1277 31-33.
1001 1214 1091 1278 Idem
1103 1214 1182 1299 fere
1204 1219 1300 1281 sentit

177 1297 307 1382 Berper
328 1297 366 1360 in
382 1296 608 1379 disputatione
624 1307 716 1375 suu2,
741 1297 891 1381 occinuit,
914 1297 1000 1362 nibil
1017 1299 1055 1361 ale
1073 1301 1202 1364 oramine
1219 1323 1297 1364 auc-

176 1383 258 1446 toris
287 1381 354 1444 clici
378 1401 492 1465 posse,
520 1380 589 1442 nisi
617 1403 689 1443 eum
716 1381 911 1445 monaulum
941 1382 1155 1448 Hersueloliae
1174 1385 1298 1468 fuisse.

176 1465 228 1530 De
250 1465 368 1551 quibus
389 1464 484 1528 nebus
508 1463 588 1548 quial
609 1486 668 1549 epo
689 1468 837 1546 sentiam,
860 1489 950 1530 nunc
965 1465 1103 1530 breviter
1117 1467 1298 1552 suplicabo.

176 1550 248 1615 Hoc
270 1551 357 1613 inter
379 1569 488 1612 omnes
510 1557 646 1628 constat,
669 1551 860 1633 scriptorem
881 1549 959 1613 libri
981 1553 1087 1614 nostri
1104 1553 1299 1617 monocbum

178 1632 444 1697 Hersuelclensem
467 1631 589 1715 fuisse.
641 1633 732 1697 Nam
765 1657 781 1697 e
814 1634 980 1716 capitibus
1015 1637 1060 1700 16.
1089 1635 1140 1700 28.
1168 1636 1218 1702 31.
1247 1636 1297 1701 32.

178 1716 257 1782 libri
279 1718 325 1780 II.
354 1716 498 1782 diluciole
530 1725 681 1800 apparet,
703 1740 775 1781 eum
797 1739 903 1780 rnense
924 1719 1073 1804 Aupusto
1098 1721 1183 1784 anni
1207 1721 1298 1802 1086,

199 1801 306 1865 uando
334 1807 548 1886 porrexerunt
577 1801 611 1862 in
634 1799 819 1865 orientalem
842 1801 1014 1866 Franciam
1041 1801 1083 1866 ad
1105 1803 1297 1888 patrandum

175 1821 255 1948 iilud
288 1885 375 1948 circa
402 1883 591 1968 Wirziburg
631 1905 768 1968 magnae
805 1885 974 1950 occisionis
1014 1885 1119 1950 scelus
1153 1889 1217 1972 (II,
1238 1889 1297 1968 31)

176 1969 390 2034 Hersoelcliae
403 1969 523 2052 fuisse.
572 1967 683 2032 Etiam
706 1979 839 2033 eueunte
862 1993 951 2033 anuo
968 1969 1060 2051 1087,
1084 1995 1156 2036 cum
1175 1973 1298 2057 prer·

175 2063 229 2118 tus
251 2076 284 2117 se
307 2053 487 2138 supplicem
508 2054 704 2136 imperatori
724 2055 851 2117 decliolit
872 2069 899 2118 et
912 2055 1015 2136 fldem
1026 2057 1182 2137 promisit
1204 2079 1224 2118 a
1252 2057 1299 2120 uel

174 2137 412 2216 Hersuelcliom,
437 2138 567 2202 uidetur
588 2139 728 2220 scriptor
749 2137 827 2201 libri
848 2139 954 2202 nostri
974 2138 1021 2202 ibi
1039 2137 1161 2220 fuisse.
1240 2163 1296 2205 um

175 2229 283 2286 autem
315 2223 413 2285 etium
434 2230 566 2308 postero
601 2231 741 2305 tempore
769 2221 983 2286 Hersueloliue
1007 2222 1128 2306 fuerit,
1163 2223 1298 2288 dubiem

175 2316 240 2388 εει,
261 2305 374 2390 fuisse
395 2305 443 2370 ibi
464 2327 546 2386 eum,
569 2315 651 2370 certe
673 2328 738 2369 uon
761 2327 801 2370 eu
822 2304 890 2370 illis
911 2306 991 2371 locis
1014 2329 1094 2392 quos
1116 2329 1297 2372 commemo-

174 2392 251 2454 ravi
277 2389 389 2476 collipi
410 2398 525 2474 potest.
568 2390 657 2452 Nam
687 2390 775 2474 quod
797 2390 1042 2475 Helmsdbrfer³
1073 2393 1163 2471 dicit,
1190 2392 1297 2456 uerbis

175 2484 288 2538 sancta
316 2483 425 2538 nostru
454 2483 483 2536 et
509 2471 551 2536 ad
577 2474 687 2536 vivum
717 2495 776 2536 nos
802 2473 908 2558 tetigit
934 2481 978 2558 (c.
1000 2475 1051 2539 28.
1079 2475 1133 2540 lib.
1155 2476 1209 2556 II)
1237 2499 1297 2540 uos

174 2560 341 2644 impediri,
364 2560 539 2642 quominus
567 2557 781 2622 Waltramum
803 2561 990 2642 episcopum
1015 2559 1298 2645 Numburpensem

174 2643 213 2708 id
227 2644 398 2727 scripsisse
413 2651 607 2721 statuamus,
622 2643 681 2705 uie
696 2663 821 2706 necesse
836 2652 890 2723 est,
907 2643 994 2727 quod
1008 2643 1177 2727 refutetur.
1208 2645 1297 2710 Nam

176 2730 206 2792 si
228 2728 301 2792 dico
324 2727 483 2805 derebus,
506 2725 624 2808 quibus
646 2747 717 2788 una
739 2748 811 2789 cum
834 2723 912 2790 u'liis
937 2727 1122 2791 bominibus
1144 2728 1296 2812 interfui,

175 2821 204 2876 et
225 2833 310 2896 quae
332 2812 414 2874 mibi
435 2808 532 2874 simul
553 2833 626 2873 cum
649 2809 727 2873 aliis
749 2810 949 2892 occiderunt,
972 2812 1022 2874 uti
1031 2833 1169 2894 possum
1190 2812 1297 2875 uerbis

177 2897 257 2960 ‘nos’
285 2905 314 2958 et
341 2897 480 2975 ‘noster',
508 2917 606 2980 quum
629 2917 707 2958 uum
729 2893 917 2980 loupissime
941 2895 1053 2958 absum
1076 2895 1115 2958 ob
1138 2893 1195 2959 illo
1217 2895 1297 2978 loco,

176 3001 240 3064 quo
264 2979 342 3043 baec
355 2979 556 3062 factasunt.
592 2917 801 3064 gnomonum
822 2981 928 3064 ipitur
949 2979 1035 3044 nibil
1056 2979 1220 3060 babemus,
1238 3003 1298 3044 cur

171 3073 337 3148 putemus,
361 3065 551 3148 scriptorem
582 3063 756 3148 apologiae
785 3073 916 3127 nostrae
948 3064 1112 3148 praenimis
1145 3065 1256 3128 oleince
1282 3087 1298 3128 s

177 3149 279 3211 aureis
315 3169 380 3210 non
407 3147 621 3210 Hersueldiae
655 3148 827 3229 mansisse,
856 3156 964 3211 tomen
994 3171 1083 3212 anno
1114 3149 1204 3214 1091.
1236 3088 1297 3214 all-

179 3233 262 3316 quid
290 3231 421 3312 ucciclit,
449 3253 512 3316 quo
542 3232 717 3294 certissime
745 3254 816 3296 eum
845 3233 1024 3295 adductum
1052 3254 1128 3313 esse,
1156 3233 1299 3297 utillud

179 3315 368 3379 coenobium
393 3315 599 3400 relinqueret,
626 3315 719 3379 nobis
745 3315 938 3400 putandum
971 3319 1031 3380 sit:
1063 3317 1184 3381 scilicet
1210 3317 1300 3402 quael

176 3399 370 3464 Fridericus
409 3399 599 3462 (iosecensls
637 3399 736 3462 abbas
771 3399 978 3464 introductus
1008 3409 1063 3463 est.
1110 3398 1188 3464 Cum
1220 3399 1297 3468 Kal.

176 3482 290 3569 April.
321 3485 404 3547 anni
427 3483 519 3547 1089.
555 3481 743 3548 Guntberus
770 3485 943 3567 episcopus
974 3482 1118 3548 (licensis
1150 3493 1298 3550 mortuus

176 3577 267 3648 esset,
299 3566 491 3632 Friclericus
524 3567 624 3632 obbas
659 3565 849 3631 Goseceusis
885 3564 1000 3630 electus
1033 3577 1078 3631 est
1113 3569 1298 3654 episcopus.

181 3649 248 3724 Qui
269 3661 305 3714 ut
327 3653 557 3716 investituram
579 3651 783 3734 imperialem
805 3660 1040 3735 assequeretur,
1068 3653 1231 3717 contendit
1253 3654 1300 3717 acl

180 3735 364 3800 Henricum
387 3737 409 3798 I
412 3735 445 3816 V,
474 3737 532 3819 qui
558 3744 635 3799 tunc
665 3737 819 3820 temporis
849 3736 991 3800 Veronae
1020 3745 1099 3800 erat.
1147 3736 1213 3809 Qui
1242 3737 1300 3802 ubi

177 3842 314 3884 causam
341 3820 472 3884 itineris
497 3821 570 3884 eius
598 3821 736 3901 audiuit,
765 3842 861 3906 aspre
889 3819 974 3901 tulit,
998 3821 1085 3905 quod
1105 3821 1298 3886 Friclericus

176 3905 249 3967 sine
276 3905 495 3987 permissione
528 3927 567 3967 ac
600 3927 760 3968 consensu
793 3927 852 3968 suo
885 3903 1002 3969 electus
1035 3913 1123 3984 esset,
1156 3914 1184 3968 et
1212 3905 1300 3970 dimit

180 3987 381 4069 Ct'ceueibus,
411 4009 611 4074 quamquam
640 4011 705 4072 pro
734 3990 796 4053 bac
822 3990 998 4053 temeritate
1025 3991 1068 4053 iis
1092 4010 1205 4072 poena
1235 3989 1297 4052 sol·

177 4072 286 4136 venda
314 4081 403 4152 esset,
431 4096 498 4158 qua
526 4074 602 4135 ausi
630 4081 735 4135 esseut
760 4083 875 4136 contra
904 4073 1032 4137 decreta
1061 4081 1300 4137 antecessorum

178 4178 313 4221 suorum
336 4154 454 4242 elipere
471 4158 670 4241 episcopum,
692 4165 810 4237 tumen,
834 4181 873 4220 ue
889 4165 1049 4242 potestate
1066 4158 1180 4240 potius
1202 4179 1299 4241 quum

179 4288 207 4351 1)
228 4284 365 4339 ‘wilhelm
384 4307 410 4342 v.
430 4287 583 4349 Hirschau’‚
611 4289 690 4352 1874,
715 4307 740 4356 p.
762 4291 804 4341 27.
899 4288 930 4355 2)
949 4290 1011 4340 ‘Zur
1028 4289 1118 4340 Kritik
1138 4287 1186 4338 ber
1205 4288 1299 4340 Streit·

177 4361 273 4412 schrift
292 4361 325 4412 de
342 4365 445 4414 unitate
460 4362 595 4414 ecclesiae
610 4360 813 4426 conservandis,
832 4362 913 4429 1874,
929 4379 954 4430 p.
969 4364 995 4414 3.
1009 4365 1035 4414 4.
1093 4361 1122 4429 3)
1139 4362 1158 4414 l.
1173 4379 1196 4414 c.
1212 4379 1240 4430 p.
1254 4362 1299 4414 27.
