<?xml version="1.0" encoding="UTF-8"?>
<!DOCTYPE html PUBLIC "-//W3C//DTD XHTML 1.0 Transitional//EN"
    "http://www.w3.org/TR/xhtml1/DTD/xhtml1-transitional.dtd">
<html xmlns="http://www.w3.org/1999/xhtml" xml:lang="en" lang="en">
 <head>
  <title>
</title>
<meta http-equiv="Content-Type" content="text/html;charset=utf-8" />
  <meta name='ocr-system' content='tesseract 3.04.00' />
  <meta name='ocr-capabilities' content='ocr_page ocr_carea ocr_par ocr_line ocrx_word'/>
</head>
<body>
  <div class='ocr_page' id='page_1' title='image "./waltramiutvidet01schwgoog_0192.png"; bbox 0 0 3104 4804; ppageno 0'>
   <div class='ocr_carea' id='block_1_1' title="bbox 283 349 1114 403">
    <p class='ocr_par' dir='ltr' id='par_1_1' title="bbox 283 349 1114 403">
     <span class='ocr_line' id='line_1_1' title="bbox 283 349 1114 403; baseline 0.006 -5"><span class='ocrx_word' id='word_1_1' title='bbox 283 350 316 398; x_wconf 91' lang='grc'><strong>10</strong></span> <span class='ocrx_word' id='word_1_2' title='bbox 582 349 702 399; x_wconf 89' lang='lat' dir='ltr'>BRUNO</span> <span class='ocrx_word' id='word_1_3' title='bbox 720 349 769 398; x_wconf 79' lang='lat' dir='ltr'><strong>DE</strong></span> <span class='ocrx_word' id='word_1_4' title='bbox 789 350 907 401; x_wconf 84' lang='lat' dir='ltr'>BELLO</span> <span class='ocrx_word' id='word_1_5' title='bbox 927 351 1114 403; x_wconf 82' lang='lat' dir='ltr'>SAXONIOO.</span> 
     </span>
    </p>
   </div>
   <div class='ocr_carea' id='block_1_2' title="bbox 156 517 1398 3804">
    <p class='ocr_par' dir='ltr' id='par_1_2' title="bbox 156 517 1398 1700">
     <span class='ocr_line' id='line_1_2' title="bbox 279 517 1397 604; baseline 0.006 -24"><span class='ocrx_word' id='word_1_6' title='bbox 279 517 601 602; x_wconf 76' lang='lat' dir='ltr'><strong>Babenbergensema</strong></span> <span class='ocrx_word' id='word_1_7' title='bbox 631 519 860 604; x_wconf 90' lang='lat' dir='ltr'><strong>episcopatum,</strong></span> <span class='ocrx_word' id='word_1_8' title='bbox 888 529 954 584; x_wconf 89' lang='lat' dir='ltr'><strong>tam</strong></span> <span class='ocrx_word' id='word_1_9' title='bbox 975 519 1071 585; x_wconf 90' lang='lat' dir='ltr'><strong>rebus</strong></span> <span class='ocrx_word' id='word_1_10' title='bbox 1094 521 1234 584; x_wconf 87' lang='lat' dir='ltr'><strong>exterius</strong></span> <span class='ocrx_word' id='word_1_11' title='bbox 1264 520 1397 587; x_wconf 88' lang='lat' dir='ltr'><strong>divitem</strong></span> 
     </span>
     <span class='ocr_line' id='line_1_3' title="bbox 281 602 1397 688; baseline 0.004 -23"><span class='ocrx_word' id='word_1_12' title='bbox 281 623 378 688; x_wconf 89' lang='lat' dir='ltr'><strong>quam</strong></span> <span class='ocrx_word' id='word_1_13' title='bbox 405 624 440 664; x_wconf 89' lang='lat' dir='ltr'><strong>sa</strong></span> <span class='ocrx_word' id='word_1_14' title='bbox 464 602 601 666; x_wconf 88' lang='lat' dir='ltr'><strong>ientibus</strong></span> <span class='ocrx_word' id='word_1_15' title='bbox 628 605 773 688; x_wconf 91' lang='lat' dir='ltr'><strong>personis</strong></span> <span class='ocrx_word' id='word_1_16' title='bbox 800 605 885 668; x_wconf 84' lang='lat' dir='ltr'><strong>intus</strong></span> <span class='ocrx_word' id='word_1_17' title='bbox 906 603 1131 686; x_wconf 89' lang='lat' dir='ltr'><strong>venerabilem,</strong></span> <span class='ocrx_word' id='word_1_18' title='bbox 1160 605 1287 668; x_wconf 90' lang='lat' dir='ltr'><strong>cuidam</strong></span> <span class='ocrx_word' id='word_1_19' title='bbox 1309 629 1397 670; x_wconf 91' lang='lat' dir='ltr'><strong>man-</strong></span> 
     </span>
     <span class='ocr_line' id='line_1_4' title="bbox 280 624 1398 776; baseline 0.004 -27"><span class='ocrx_word' id='word_1_20' title='bbox 280 686 356 772; x_wconf 83' lang='lat' dir='ltr'>goni</span> <span class='ocrx_word' id='word_1_21' title='bbox 385 624 474 750; x_wconf 79' lang='lat' dir='ltr'><strong>dedit</strong></span> <span class='ocrx_word' id='word_1_22' title='bbox 505 687 603 750; x_wconf 91' lang='lat' dir='ltr'><strong>immo</strong></span> <span class='ocrx_word' id='word_1_23' title='bbox 630 709 689 772; x_wconf 92' lang='lat' dir='ltr'><strong>pro</strong></span> <span class='ocrx_word' id='word_1_24' title='bbox 721 687 946 752; x_wconf 88' lang='lat' dir='ltr'><strong>inaestimabili</strong></span> <span class='ocrx_word' id='word_1_25' title='bbox 977 689 1114 773; x_wconf 89' lang='lat' dir='ltr'><strong>pecunia</strong></span> <span class='ocrx_word' id='word_1_26' title='bbox 1145 688 1307 770; x_wconf 88' lang='lat' dir='ltr'><strong>vendidit,</strong></span> <span class='ocrx_word' id='word_1_27' title='bbox 1340 692 1398 776; x_wconf 89' lang='lat' dir='ltr'><strong>qui</strong></span> 
     </span>
     <span class='ocr_line' id='line_1_5' title="bbox 280 770 1397 858; baseline 0.004 -25"><span class='ocrx_word' id='word_1_28' title='bbox 280 770 394 834; x_wconf 90' lang='lat' dir='ltr'><strong>melius</strong></span> <span class='ocrx_word' id='word_1_29' title='bbox 422 771 544 835; x_wconf 76' lang='lat' dir='ltr'><strong>sciebat</strong></span> <span class='ocrx_word' id='word_1_30' title='bbox 564 793 711 834; x_wconf 87' lang='lat' dir='ltr'><strong>nummos</strong></span> <span class='ocrx_word' id='word_1_31' title='bbox 732 781 879 836; x_wconf 88' lang='lat' dir='ltr'><strong>monetae</strong></span> <span class='ocrx_word' id='word_1_32' title='bbox 902 771 1071 836; x_wconf 90' lang='lat' dir='ltr'><strong>cuiuslibet</strong></span> <span class='ocrx_word' id='word_1_33' title='bbox 1091 773 1268 855; x_wconf 88' lang='lat' dir='ltr'><strong>aestimare,</strong></span> <span class='ocrx_word' id='word_1_34' title='bbox 1299 795 1397 858; x_wconf 90' lang='lat' dir='ltr'><strong>quam</strong></span> 
     </span>
     <span class='ocr_line' id='line_1_6' title="bbox 280 853 1396 941; baseline 0.001 -21"><span class='ocrx_word' id='word_1_35' title='bbox 280 865 404 920; x_wconf 84' lang='lat' dir='ltr'><strong>textum</strong></span> <span class='ocrx_word' id='word_1_36' title='bbox 427 854 596 919; x_wconf 87' lang='lat' dir='ltr'><strong>cuiuslibet</strong></span> <span class='ocrx_word' id='word_1_37' title='bbox 609 853 691 936; x_wconf 85' lang='lat' dir='ltr'>libri,</span> <span class='ocrx_word' id='word_1_38' title='bbox 713 878 753 919; x_wconf 90' lang='lat' dir='ltr'><strong>ne</strong></span> <span class='ocrx_word' id='word_1_39' title='bbox 769 855 875 920; x_wconf 91' lang='lat' dir='ltr'><strong>dicam</strong></span> <span class='ocrx_word' id='word_1_40' title='bbox 889 855 1064 940; x_wconf 87' lang='lat' dir='ltr'><strong>intelligere</strong></span> <span class='ocrx_word' id='word_1_41' title='bbox 1079 855 1129 920; x_wconf 90' lang='lat' dir='ltr'><strong>vel</strong></span> <span class='ocrx_word' id='word_1_42' title='bbox 1145 877 1314 941; x_wconf 78' lang='lat' dir='ltr'>exponere,</span> <span class='ocrx_word' id='word_1_43' title='bbox 1337 857 1396 921; x_wconf 89' lang='lat' dir='ltr'><strong>sal-</strong></span> 
     </span>
     <span class='ocr_line' id='line_1_7' title="bbox 280 938 1396 1026; baseline 0.002 -24"><span class='ocrx_word' id='word_1_44' title='bbox 280 949 346 1003; x_wconf 89' lang='lat' dir='ltr'><strong>tem</strong></span> <span class='ocrx_word' id='word_1_45' title='bbox 372 938 560 1024; x_wconf 83' lang='lat' dir='ltr'>regulariter</span> <span class='ocrx_word' id='word_1_46' title='bbox 586 941 800 1024; x_wconf 89' lang='lat' dir='ltr'><strong>pronuntiare.</strong></span> <span class='ocrx_word' id='word_1_47' title='bbox 844 939 909 1020; x_wconf 76' lang='lat' dir='ltr'><strong>Qui</strong></span> <span class='ocrx_word' id='word_1_48' title='bbox 930 949 999 1004; x_wconf 92' lang='lat' dir='ltr'><strong>tum</strong></span> <span class='ocrx_word' id='word_1_49' title='bbox 1019 941 1053 1002; x_wconf 94' lang='lat' dir='ltr'><strong>in</strong></span> <span class='ocrx_word' id='word_1_50' title='bbox 1074 961 1166 1004; x_wconf 91' lang='lat' dir='ltr'><strong>sacro</strong></span> <span class='ocrx_word' id='word_1_51' title='bbox 1189 940 1294 1004; x_wconf 89' lang='lat' dir='ltr'><strong>officio</strong></span> <span class='ocrx_word' id='word_1_52' title='bbox 1315 942 1396 1026; x_wconf 87' lang='lat' dir='ltr'><strong>vigi·</strong></span> 
     </span>
     <span class='ocr_line' id='line_1_8' title="bbox 279 1021 1395 1109; baseline 0.002 -23"><span class='ocrx_word' id='word_1_53' title='bbox 279 1022 341 1088; x_wconf 89' lang='lat' dir='ltr'><strong>liae</strong></span> <span class='ocrx_word' id='word_1_54' title='bbox 367 1021 503 1108; x_wconf 87' lang='lat' dir='ltr'><strong>pascalis</strong></span> <span class='ocrx_word' id='word_1_55' title='bbox 530 1023 667 1109; x_wconf 82' lang='lat' dir='ltr'><strong>primam</strong></span> <span class='ocrx_word' id='word_1_56' title='bbox 697 1045 738 1087; x_wconf 89' lang='lat' dir='ltr'><strong>ex</strong></span> <span class='ocrx_word' id='word_1_57' title='bbox 763 1045 851 1088; x_wconf 90' lang='lat' dir='ltr'><strong>more</strong></span> <span class='ocrx_word' id='word_1_58' title='bbox 872 1022 1042 1088; x_wconf 88' lang='lat' dir='ltr'><strong>lectionem</strong></span> <span class='ocrx_word' id='word_1_59' title='bbox 1065 1045 1174 1088; x_wconf 87' lang='lat' dir='ltr'><strong>coram</strong></span> <span class='ocrx_word' id='word_1_60' title='bbox 1196 1023 1395 1109; x_wconf 78' lang='lat' dir='ltr'><strong>sapientibus</strong></span> 
     </span>
     <span class='ocr_line' id='line_1_9' title="bbox 156 1107 1395 1194; baseline 0.002 -26"><span class='ocrx_word' id='word_1_61' title='bbox 156 1127 270 1181; x_wconf 68' lang='lat' dir='ltr'><strong>eoam.</strong></span> <span class='ocrx_word' id='word_1_62' title='bbox 281 1107 403 1173; x_wconf 83' lang='lat' dir='ltr'><strong>clericis</strong></span> <span class='ocrx_word' id='word_1_63' title='bbox 424 1108 659 1194; x_wconf 79' lang='lat' dir='ltr'><strong>pronuntiavit:</strong></span> <span class='ocrx_word' id='word_1_64' title='bbox 683 1108 793 1172; x_wconf 87' lang='lat' dir='ltr'><strong>‘Terra</strong></span> <span class='ocrx_word' id='word_1_65' title='bbox 807 1116 912 1170; x_wconf 91' lang='lat' dir='ltr'><strong>autem</strong></span> <span class='ocrx_word' id='word_1_66' title='bbox 929 1116 997 1172; x_wconf 89' lang='lat' dir='ltr'><strong>erat</strong></span> <span class='ocrx_word' id='word_1_67' title='bbox 1010 1108 1114 1171; x_wconf 90' lang='lat' dir='ltr'><strong>inanis</strong></span> <span class='ocrx_word' id='word_1_68' title='bbox 1129 1117 1162 1172; x_wconf 91' lang='lat' dir='ltr'><strong>et</strong></span> <span class='ocrx_word' id='word_1_69' title='bbox 1175 1127 1276 1172; x_wconf 88' lang='lat' dir='ltr'><strong>vacca</strong></span> <span class='ocrx_word' id='word_1_70' title='bbox 1285 1109 1301 1170; x_wconf 83' lang='lat' dir='ltr'><strong>l&#39;</strong></span> <span class='ocrx_word' id='word_1_71' title='bbox 1323 1109 1395 1194; x_wconf 90' lang='lat' dir='ltr'><strong>ipse</strong></span> 
     </span>
     <span class='ocr_line' id='line_1_10' title="bbox 279 1190 1394 1277; baseline 0.001 -23"><span class='ocrx_word' id='word_1_72' title='bbox 279 1193 440 1274; x_wconf 86' lang='lat' dir='ltr'><strong>nimirum,</strong></span> <span class='ocrx_word' id='word_1_73' title='bbox 468 1191 542 1256; x_wconf 87' lang='lat' dir='ltr'><strong>lieet</strong></span> <span class='ocrx_word' id='word_1_74' title='bbox 570 1190 670 1277; x_wconf 87' lang='lat' dir='ltr'><strong>bipes,</strong></span> <span class='ocrx_word' id='word_1_75' title='bbox 697 1213 798 1256; x_wconf 90' lang='lat' dir='ltr'><strong>vacca</strong></span> <span class='ocrx_word' id='word_1_76' title='bbox 819 1191 913 1256; x_wconf 89' lang='lat' dir='ltr'><strong>bruta</strong></span> <span class='ocrx_word' id='word_1_77' title='bbox 935 1201 967 1256; x_wconf 91' lang='lat' dir='ltr'><strong>et</strong></span> <span class='ocrx_word' id='word_1_78' title='bbox 988 1193 1074 1255; x_wconf 91' lang='lat' dir='ltr'><strong>omni</strong></span> <span class='ocrx_word' id='word_1_79' title='bbox 1095 1191 1253 1277; x_wconf 81' lang='lat' dir='ltr'><strong>probitate</strong></span> <span class='ocrx_word' id='word_1_80' title='bbox 1275 1193 1394 1256; x_wconf 85' lang='lat' dir='ltr'><strong>vacua!</strong></span> 
     </span>
     <span class='ocr_line' id='line_1_11' title="bbox 279 1274 1396 1366; baseline -0.003 -23"><span class='ocrx_word' id='word_1_81' title='bbox 279 1279 354 1366; x_wconf 92' lang='lat' dir='ltr'><strong>Ipse</strong></span> <span class='ocrx_word' id='word_1_82' title='bbox 376 1289 493 1358; x_wconf 89' lang='lat' dir='ltr'><strong>tamen,</strong></span> <span class='ocrx_word' id='word_1_83' title='bbox 516 1277 661 1361; x_wconf 88' lang='lat' dir='ltr'><strong>quamvis</strong></span> <span class='ocrx_word' id='word_1_84' title='bbox 683 1297 743 1339; x_wconf 90' lang='lat' dir='ltr'><strong>nec</strong></span> <span class='ocrx_word' id='word_1_85' title='bbox 765 1295 822 1338; x_wconf 92' lang='lat' dir='ltr'><strong>suo</strong></span> <span class='ocrx_word' id='word_1_86' title='bbox 844 1297 904 1339; x_wconf 89' lang='lat' dir='ltr'><strong>nec</strong></span> <span class='ocrx_word' id='word_1_87' title='bbox 920 1274 1083 1356; x_wconf 89' lang='lat' dir='ltr'><strong>ecelesiae,</strong></span> <span class='ocrx_word' id='word_1_88' title='bbox 1107 1297 1203 1362; x_wconf 91' lang='lat' dir='ltr'><strong>quam</strong></span> <span class='ocrx_word' id='word_1_89' title='bbox 1217 1277 1286 1360; x_wconf 87' lang='lat' dir='ltr'><strong>ipse</strong></span> <span class='ocrx_word' id='word_1_90' title='bbox 1303 1278 1396 1361; x_wconf 88' lang='lat' dir='ltr'><strong>quasi</strong></span> 
     </span>
     <span class='ocr_line' id='line_1_12' title="bbox 279 1359 1395 1448; baseline -0.004 -20"><span class='ocrx_word' id='word_1_91' title='bbox 279 1362 452 1448; x_wconf 85' lang='lat' dir='ltr'><strong>regendam</strong></span> <span class='ocrx_word' id='word_1_92' title='bbox 471 1369 649 1444; x_wconf 84' lang='lat' dir='ltr'><strong>acceperat,</strong></span> <span class='ocrx_word' id='word_1_93' title='bbox 671 1381 750 1422; x_wconf 92' lang='lat' dir='ltr'><strong>auro</strong></span> <span class='ocrx_word' id='word_1_94' title='bbox 765 1368 912 1445; x_wconf 83' lang='lat' dir='ltr'><strong>parceret</strong></span> <span class='ocrx_word' id='word_1_95' title='bbox 927 1369 963 1423; x_wconf 93' lang='lat' dir='ltr'><strong>ut</strong></span> <span class='ocrx_word' id='word_1_96' title='bbox 976 1361 1112 1444; x_wconf 83' lang='lat' dir='ltr'><strong>gratiam</strong></span> <span class='ocrx_word' id='word_1_97' title='bbox 1126 1361 1211 1444; x_wconf 88' lang='lat' dir='ltr'><strong>regis</strong></span> <span class='ocrx_word' id='word_1_98' title='bbox 1227 1359 1395 1440; x_wconf 88' lang='lat' dir='ltr'><strong>obtineret,</strong></span> 
     </span>
     <span class='ocr_line' id='line_1_13' title="bbox 279 1441 1393 1534; baseline -0.004 -24"><span class='ocrx_word' id='word_1_99' title='bbox 279 1449 352 1534; x_wconf 91' lang='lat' dir='ltr'><strong>ipso</strong></span> <span class='ocrx_word' id='word_1_100' title='bbox 378 1467 454 1529; x_wconf 87' lang='lat' dir='ltr'><strong>rege</strong></span> <span class='ocrx_word' id='word_1_101' title='bbox 481 1443 667 1508; x_wconf 88' lang='lat' dir='ltr'><strong>consiliante</strong></span> <span class='ocrx_word' id='word_1_102' title='bbox 697 1443 876 1528; x_wconf 86' lang='lat' dir='ltr'><strong>deponitur,</strong></span> <span class='ocrx_word' id='word_1_103' title='bbox 910 1453 942 1507; x_wconf 90' lang='lat' dir='ltr'><strong>et</strong></span> <span class='ocrx_word' id='word_1_104' title='bbox 969 1444 1171 1528; x_wconf 86' lang='lat' dir='ltr'><strong>episcopatus</strong></span> <span class='ocrx_word' id='word_1_105' title='bbox 1203 1441 1258 1505; x_wconf 91' lang='lat' dir='ltr'><strong>alii</strong></span> <span class='ocrx_word' id='word_1_106' title='bbox 1290 1443 1393 1526; x_wconf 90' lang='lat' dir='ltr'><strong>datur,</strong></span> 
     </span>
     <span class='ocr_line' id='line_1_14' title="bbox 279 1526 1394 1628; baseline -0.004 -34"><span class='ocrx_word' id='word_1_107' title='bbox 279 1553 345 1594; x_wconf 90' lang='lat' dir='ltr'><strong>non</strong></span> <span class='ocrx_word' id='word_1_108' title='bbox 367 1531 422 1628; x_wconf 88' lang='lat' dir='ltr'><strong>qui</strong></span> <span class='ocrx_word' id='word_1_109' title='bbox 443 1529 509 1592; x_wconf 89' lang='lat' dir='ltr'><strong>vita</strong></span> <span class='ocrx_word' id='word_1_110' title='bbox 531 1538 563 1592; x_wconf 90' lang='lat' dir='ltr'><strong>et</strong></span> <span class='ocrx_word' id='word_1_111' title='bbox 579 1527 766 1612; x_wconf 91' lang='lat' dir='ltr'><strong>sapientiae</strong></span> <span class='ocrx_word' id='word_1_112' title='bbox 790 1527 938 1612; x_wconf 91' lang='lat' dir='ltr'><strong>iscopatu</strong></span> <span class='ocrx_word' id='word_1_113' title='bbox 953 1527 994 1590; x_wconf 88' lang='lat' dir='ltr'><strong>sit</strong></span> <span class='ocrx_word' id='word_1_114' title='bbox 1008 1526 1144 1610; x_wconf 81' lang='lat' dir='ltr'><strong>dignior,</strong></span> <span class='ocrx_word' id='word_1_115' title='bbox 1166 1526 1223 1590; x_wconf 91' lang='lat' dir='ltr'><strong>sed</strong></span> <span class='ocrx_word' id='word_1_116' title='bbox 1239 1527 1295 1612; x_wconf 91' lang='lat' dir='ltr'><strong>qui</strong></span> <span class='ocrx_word' id='word_1_117' title='bbox 1309 1528 1394 1612; x_wconf 87' lang='lat' dir='ltr'><strong>regis</strong></span> 
     </span>
     <span class='ocr_line' id='line_1_15' title="bbox 279 1550 1182 1700; baseline -0.004 -22"><span class='ocrx_word' id='word_1_118' title='bbox 279 1613 475 1700; x_wconf 83' lang='lat' dir='ltr'><strong>flagitiorum</strong></span> <span class='ocrx_word' id='word_1_119' title='bbox 497 1613 599 1676; x_wconf 89' lang='lat' dir='ltr'><strong>maior</strong></span> <span class='ocrx_word' id='word_1_120' title='bbox 619 1613 653 1674; x_wconf 90' lang='lat' dir='ltr'><strong>in</strong></span> <span class='ocrx_word' id='word_1_121' title='bbox 675 1550 822 1675; x_wconf 68' lang='lat' dir='ltr'><strong>omnilius</strong></span> <span class='ocrx_word' id='word_1_122' title='bbox 844 1611 955 1675; x_wconf 82' lang='lat' dir='ltr'><strong>fuisset</strong></span> <span class='ocrx_word' id='word_1_123' title='bbox 976 1620 1182 1674; x_wconf 86' lang='lat' dir='ltr'><strong>assentator1.</strong></span> 
     </span>
    </p>

    <p class='ocr_par' dir='ltr' id='par_1_3' title="bbox 231 1693 1398 3370">
     <span class='ocr_line' id='line_1_16' title="bbox 231 1693 1397 1776; baseline -0.003 -14"><span class='ocrx_word' id='word_1_124' title='bbox 231 1756 239 1762; x_wconf 92' lang='lat'>.</span> <span class='ocrx_word' id='word_1_125' title='bbox 367 1700 415 1763; x_wconf 87' lang='grc'><strong>16.</strong></span> <span class='ocrx_word' id='word_1_126' title='bbox 457 1697 545 1760; x_wconf 87' lang='lat' dir='ltr'><strong>Inter</strong></span> <span class='ocrx_word' id='word_1_127' title='bbox 565 1695 645 1759; x_wconf 87' lang='lat' dir='ltr'><strong>haee</strong></span> <span class='ocrx_word' id='word_1_128' title='bbox 668 1697 774 1760; x_wconf 87' lang='lat' dir='ltr'><strong>omnia</strong></span> <span class='ocrx_word' id='word_1_129' title='bbox 793 1697 857 1758; x_wconf 88' lang='lat' dir='ltr'><strong>iam</strong></span> <span class='ocrx_word' id='word_1_130' title='bbox 873 1693 1010 1760; x_wconf 88' lang='lat' dir='ltr'><strong>abeunte</strong></span> <span class='ocrx_word' id='word_1_131' title='bbox 1024 1694 1246 1776; x_wconf 84' lang='lat' dir='ltr'><strong>adolescentia,</strong></span> <span class='ocrx_word' id='word_1_132' title='bbox 1269 1715 1346 1757; x_wconf 82' lang='lat' dir='ltr'><strong>mox</strong></span> <span class='ocrx_word' id='word_1_133' title='bbox 1360 1704 1397 1759; x_wconf 91' lang='lat' dir='ltr'><strong>ut</strong></span> 
     </span>
     <span class='ocr_line' id='line_1_17' title="bbox 280 1777 1394 1865; baseline -0.004 -18"><span class='ocrx_word' id='word_1_134' title='bbox 280 1781 492 1847; x_wconf 84' lang='lat' dir='ltr'><strong>Adalbertum</strong></span> <span class='ocrx_word' id='word_1_135' title='bbox 514 1781 722 1844; x_wconf 89' lang='lat' dir='ltr'><strong>Bremensem</strong></span> <span class='ocrx_word' id='word_1_136' title='bbox 748 1779 937 1865; x_wconf 91' lang='lat' dir='ltr'><strong>episcopum</strong></span> <span class='ocrx_word' id='word_1_137' title='bbox 964 1789 1077 1844; x_wconf 87' lang='lat' dir='ltr'><strong>nactus</strong></span> <span class='ocrx_word' id='word_1_138' title='bbox 1100 1789 1148 1844; x_wconf 89' lang='lat' dir='ltr'><strong>est</strong></span> <span class='ocrx_word' id='word_1_139' title='bbox 1169 1777 1394 1861; x_wconf 88' lang='lat' dir='ltr'><strong>consiliarium,</strong></span> 
     </span>
     <span class='ocr_line' id='line_1_18' title="bbox 280 1861 1396 1952; baseline -0.004 -22"><span class='ocrx_word' id='word_1_140' title='bbox 280 1868 383 1952; x_wconf 91' lang='lat' dir='ltr'><strong>ipsius</strong></span> <span class='ocrx_word' id='word_1_141' title='bbox 414 1865 615 1929; x_wconf 87' lang='lat' dir='ltr'><strong>suasionibus</strong></span> <span class='ocrx_word' id='word_1_142' title='bbox 644 1865 751 1951; x_wconf 90' lang='lat' dir='ltr'><strong>coepit</strong></span> <span class='ocrx_word' id='word_1_143' title='bbox 776 1865 810 1926; x_wconf 92' lang='lat' dir='ltr'><strong>in</strong></span> <span class='ocrx_word' id='word_1_144' title='bbox 838 1863 972 1946; x_wconf 83' lang='lat' dir='ltr'><strong>desertis</strong></span> <span class='ocrx_word' id='word_1_145' title='bbox 1010 1861 1087 1926; x_wconf 92' lang='lat' dir='ltr'><strong>locis</strong></span> <span class='ocrx_word' id='word_1_146' title='bbox 1113 1862 1194 1927; x_wconf 89' lang='lat' dir='ltr'><strong>altos</strong></span> <span class='ocrx_word' id='word_1_147' title='bbox 1222 1873 1253 1927; x_wconf 92' lang='lat' dir='ltr'><strong>et</strong></span> <span class='ocrx_word' id='word_1_148' title='bbox 1281 1871 1396 1926; x_wconf 88' lang='lat' dir='ltr'><strong>natura</strong></span> 
     </span>
     <span class='ocr_line' id='line_1_19' title="bbox 281 1945 1397 2034; baseline -0.003 -21"><span class='ocrx_word' id='word_1_149' title='bbox 281 1951 420 2014; x_wconf 91' lang='lat' dir='ltr'><strong>munitos</strong></span> <span class='ocrx_word' id='word_1_150' title='bbox 442 1959 565 2014; x_wconf 89' lang='lat' dir='ltr'><strong>montes</strong></span> <span class='ocrx_word' id='word_1_151' title='bbox 587 1970 748 2034; x_wconf 83' lang='lat' dir='ltr'><strong>quaerere,</strong></span> <span class='ocrx_word' id='word_1_152' title='bbox 771 1958 804 2013; x_wconf 93' lang='lat' dir='ltr'><strong>et</strong></span> <span class='ocrx_word' id='word_1_153' title='bbox 823 1949 856 2010; x_wconf 92' lang='lat' dir='ltr'><strong>in</strong></span> <span class='ocrx_word' id='word_1_154' title='bbox 877 1947 927 2010; x_wconf 90' lang='lat' dir='ltr'><strong>his</strong></span> <span class='ocrx_word' id='word_1_155' title='bbox 948 1945 1132 2011; x_wconf 90' lang='lat' dir='ltr'><strong>huiusmodi</strong></span> <span class='ocrx_word' id='word_1_156' title='bbox 1152 1947 1281 2012; x_wconf 87' lang='lat' dir='ltr'><strong>castella</strong></span> <span class='ocrx_word' id='word_1_157' title='bbox 1301 1945 1397 2010; x_wconf 83' lang='lat' dir='ltr'><strong>fabri-</strong></span> 
     </span>
     <span class='ocr_line' id='line_1_20' title="bbox 282 2031 1395 2120; baseline -0.004 -21"><span class='ocrx_word' id='word_1_158' title='bbox 282 2057 364 2116; x_wconf 88' lang='lat' dir='ltr'><strong>care,</strong></span> <span class='ocrx_word' id='word_1_159' title='bbox 395 2057 477 2120; x_wconf 90' lang='lat' dir='ltr'><strong>quae</strong></span> <span class='ocrx_word' id='word_1_160' title='bbox 505 2035 532 2098; x_wconf 93' lang='lat' dir='ltr'><strong>si</strong></span> <span class='ocrx_word' id='word_1_161' title='bbox 558 2035 592 2095; x_wconf 91' lang='lat' dir='ltr'><strong>in</strong></span> <span class='ocrx_word' id='word_1_162' title='bbox 620 2032 698 2096; x_wconf 90' lang='lat' dir='ltr'><strong>locis</strong></span> <span class='ocrx_word' id='word_1_163' title='bbox 728 2032 982 2116; x_wconf 86' lang='lat' dir='ltr'><strong>competentibus</strong></span> <span class='ocrx_word' id='word_1_164' title='bbox 1004 2041 1133 2111; x_wconf 87' lang='lat' dir='ltr'><strong>starent,</strong></span> <span class='ocrx_word' id='word_1_165' title='bbox 1160 2031 1274 2114; x_wconf 84' lang='lat' dir='ltr'><strong>ingens</strong></span> <span class='ocrx_word' id='word_1_166' title='bbox 1296 2051 1395 2114; x_wconf 91' lang='lat' dir='ltr'><strong>regno</strong></span> 
     </span>
     <span class='ocr_line' id='line_1_21' title="bbox 281 2114 1396 2198; baseline -0.005 -16"><span class='ocrx_word' id='word_1_167' title='bbox 281 2119 517 2182; x_wconf 89' lang='lat' dir='ltr'><strong>firmamentum</strong></span> <span class='ocrx_word' id='word_1_168' title='bbox 539 2115 633 2179; x_wconf 88' lang='lat' dir='ltr'><strong>simul</strong></span> <span class='ocrx_word' id='word_1_169' title='bbox 654 2126 685 2180; x_wconf 92' lang='lat' dir='ltr'><strong>et</strong></span> <span class='ocrx_word' id='word_1_170' title='bbox 707 2123 927 2178; x_wconf 87' lang='lat' dir='ltr'><strong>ornamentum</strong></span> <span class='ocrx_word' id='word_1_171' title='bbox 947 2114 1060 2178; x_wconf 88' lang='lat' dir='ltr'><strong>forent.</strong></span> <span class='ocrx_word' id='word_1_172' title='bbox 1097 2115 1241 2193; x_wconf 76' lang='lat' dir='ltr'><strong>Quorum</strong></span> <span class='ocrx_word' id='word_1_173' title='bbox 1256 2114 1396 2198; x_wconf 89' lang='lat' dir='ltr'><strong>primurn</strong></span> 
     </span>
     <span class='ocr_line' id='line_1_22' title="bbox 282 2195 1397 2295; baseline -0.004 -29"><span class='ocrx_word' id='word_1_174' title='bbox 282 2211 313 2266; x_wconf 87' lang='lat' dir='ltr'><strong>et</strong></span> <span class='ocrx_word' id='word_1_175' title='bbox 334 2203 512 2266; x_wconf 84' lang='lat' dir='ltr'><strong>maximum</strong></span> <span class='ocrx_word' id='word_1_176' title='bbox 533 2199 734 2282; x_wconf 86' lang='lat' dir='ltr'><strong>Hartesburg</strong></span> <span class='ocrx_word' id='word_1_177' title='bbox 761 2195 949 2282; x_wconf 80' lang='lat' dir='ltr'><strong>appellavit3</strong></span> <span class='ocrx_word' id='word_1_178' title='bbox 977 2195 1063 2295; x_wconf 90' lang='lat' dir='ltr'><strong>quod</strong></span> <span class='ocrx_word' id='word_1_179' title='bbox 1089 2197 1135 2260; x_wconf 89' lang='lat' dir='ltr'><strong>ita</strong></span> <span class='ocrx_word' id='word_1_180' title='bbox 1155 2197 1230 2260; x_wconf 82' lang='lat' dir='ltr'><strong>forti</strong></span> <span class='ocrx_word' id='word_1_181' title='bbox 1251 2218 1342 2260; x_wconf 90' lang='lat' dir='ltr'><strong>muro</strong></span> <span class='ocrx_word' id='word_1_182' title='bbox 1365 2207 1397 2262; x_wconf 90' lang='lat' dir='ltr'><strong>et</strong></span> 
     </span>
     <span class='ocr_line' id='line_1_23' title="bbox 280 2279 1396 2366; baseline -0.004 -17"><span class='ocrx_word' id='word_1_183' title='bbox 280 2285 423 2349; x_wconf 91' lang='lat' dir='ltr'><strong>turribus</strong></span> <span class='ocrx_word' id='word_1_184' title='bbox 451 2294 482 2348; x_wconf 88' lang='lat' dir='ltr'><strong>et</strong></span> <span class='ocrx_word' id='word_1_185' title='bbox 510 2285 610 2366; x_wconf 91' lang='lat' dir='ltr'><strong>portis</strong></span> <span class='ocrx_word' id='word_1_186' title='bbox 638 2282 776 2346; x_wconf 85' lang='lat' dir='ltr'><strong>exterius</strong></span> <span class='ocrx_word' id='word_1_187' title='bbox 805 2281 952 2360; x_wconf 91' lang='lat' dir='ltr'><strong>munivit,</strong></span> <span class='ocrx_word' id='word_1_188' title='bbox 981 2291 1026 2344; x_wconf 90' lang='lat' dir='ltr'><strong>rta</strong></span> <span class='ocrx_word' id='word_1_189' title='bbox 1052 2279 1214 2366; x_wconf 85' lang='lat' dir='ltr'><strong>regalibus</strong></span> <span class='ocrx_word' id='word_1_190' title='bbox 1240 2279 1396 2344; x_wconf 90' lang='lat' dir='ltr'><strong>aedificiis</strong></span> 
     </span>
     <span class='ocr_line' id='line_1_24' title="bbox 280 2365 1396 2450; baseline -0.003 -19"><span class='ocrx_word' id='word_1_191' title='bbox 280 2369 366 2431; x_wconf 89' lang='lat' dir='ltr'><strong>intus</strong></span> <span class='ocrx_word' id='word_1_192' title='bbox 394 2366 570 2449; x_wconf 89' lang='lat' dir='ltr'><strong>adornavit,</strong></span> <span class='ocrx_word' id='word_1_193' title='bbox 599 2365 660 2430; x_wconf 89' lang='lat' dir='ltr'><strong>tale</strong></span> <span class='ocrx_word' id='word_1_194' title='bbox 688 2365 914 2428; x_wconf 87' lang='lat' dir='ltr'><strong>monasterium</strong></span> <span class='ocrx_word' id='word_1_195' title='bbox 943 2365 977 2427; x_wconf 91' lang='lat' dir='ltr'><strong>in</strong></span> <span class='ocrx_word' id='word_1_196' title='bbox 1003 2365 1074 2450; x_wconf 90' lang='lat' dir='ltr'><strong>ipso</strong></span> <span class='ocrx_word' id='word_1_197' title='bbox 1102 2365 1289 2442; x_wconf 87' lang='lat' dir='ltr'><strong>construxit,</strong></span> <span class='ocrx_word' id='word_1_198' title='bbox 1317 2365 1396 2428; x_wconf 89' lang='lat' dir='ltr'><strong>tales</strong></span> 
     </span>
     <span class='ocr_line' id='line_1_25' title="bbox 282 2446 1396 2535; baseline -0.003 -20"><span class='ocrx_word' id='word_1_199' title='bbox 282 2461 412 2515; x_wconf 89' lang='lat' dir='ltr'><strong>ornatus</strong></span> <span class='ocrx_word' id='word_1_200' title='bbox 438 2452 567 2535; x_wconf 90' lang='lat' dir='ltr'><strong>inipso</strong></span> <span class='ocrx_word' id='word_1_201' title='bbox 595 2450 787 2514; x_wconf 89' lang='lat' dir='ltr'><strong>monasterio</strong></span> <span class='ocrx_word' id='word_1_202' title='bbox 816 2446 991 2531; x_wconf 83' lang='lat' dir='ltr'><strong>collocavit,</strong></span> <span class='ocrx_word' id='word_1_203' title='bbox 1021 2447 1100 2512; x_wconf 90' lang='lat' dir='ltr'><strong>tales</strong></span> <span class='ocrx_word' id='word_1_204' title='bbox 1129 2457 1160 2513; x_wconf 86' lang='lat' dir='ltr'><strong>et</strong></span> <span class='ocrx_word' id='word_1_205' title='bbox 1188 2457 1235 2513; x_wconf 91' lang='lat' dir='ltr'><strong>tot</strong></span> <span class='ocrx_word' id='word_1_206' title='bbox 1264 2447 1396 2512; x_wconf 87' lang='lat' dir='ltr'><strong>elericos</strong></span> 
     </span>
     <span class='ocr_line' id='line_1_26' title="bbox 280 2531 1396 2620; baseline -0.003 -22"><span class='ocrx_word' id='word_1_207' title='bbox 280 2533 356 2598; x_wconf 90' lang='lat' dir='ltr'><strong>illuc</strong></span> <span class='ocrx_word' id='word_1_208' title='bbox 377 2535 519 2620; x_wconf 90' lang='lat' dir='ltr'><strong>undique</strong></span> <span class='ocrx_word' id='word_1_209' title='bbox 535 2534 750 2620; x_wconf 85' lang='lat' dir='ltr'><strong>congregavit,</strong></span> <span class='ocrx_word' id='word_1_210' title='bbox 774 2533 839 2596; x_wconf 79' lang='lat' dir='ltr'><strong>uti¹³</strong></span> <span class='ocrx_word' id='word_1_211' title='bbox 855 2531 977 2618; x_wconf 89' lang='lat' dir='ltr'><strong>aliquot</strong></span> <span class='ocrx_word' id='word_1_212' title='bbox 991 2531 1190 2618; x_wconf 89' lang='lat' dir='ltr'><strong>episcopales</strong></span> <span class='ocrx_word' id='word_1_213' title='bbox 1204 2531 1293 2597; x_wconf 90' lang='lat' dir='ltr'><strong>locos</strong></span> <span class='ocrx_word' id='word_1_214' title='bbox 1309 2533 1396 2596; x_wconf 91' lang='lat' dir='ltr'><strong>omni</strong></span> 
     </span>
     <span class='ocr_line' id='line_1_27' title="bbox 281 2615 1398 2706; baseline -0.004 -22"><span class='ocrx_word' id='word_1_215' title='bbox 281 2641 338 2684; x_wconf 88' lang='lat' dir='ltr'><strong>suo</strong></span> <span class='ocrx_word' id='word_1_216' title='bbox 353 2629 511 2705; x_wconf 89' lang='lat' dir='ltr'><strong>apparatu</strong></span> <span class='ocrx_word' id='word_1_217' title='bbox 525 2620 757 2706; x_wconf 89' lang='lat' dir='ltr'><strong>aequiperaret,</strong></span> <span class='ocrx_word' id='word_1_218' title='bbox 773 2615 894 2702; x_wconf 90' lang='lat' dir='ltr'><strong>aliquot</strong></span> <span class='ocrx_word' id='word_1_219' title='bbox 909 2619 1005 2681; x_wconf 88' lang='lat' dir='ltr'><strong>etiam</strong></span> <span class='ocrx_word' id='word_1_220' title='bbox 1019 2616 1267 2682; x_wconf 90' lang='lat' dir='ltr'><strong>transcenderet.</strong></span> <span class='ocrx_word' id='word_1_221' title='bbox 1301 2617 1398 2696; x_wconf 75' lang='lat' dir='ltr'><strong>Quic-</strong></span> 
     </span>
     <span class='ocr_line' id='line_1_28' title="bbox 282 2700 1396 2790; baseline -0.002 -24"><span class='ocrx_word' id='word_1_222' title='bbox 282 2703 359 2790; x_wconf 93' lang='lat' dir='ltr'><strong>quid</strong></span> <span class='ocrx_word' id='word_1_223' title='bbox 389 2713 517 2767; x_wconf 89' lang='lat' dir='ltr'><strong>ornatus</strong></span> <span class='ocrx_word' id='word_1_224' title='bbox 546 2703 755 2768; x_wconf 86' lang='lat' dir='ltr'><strong>ecelesiastici</strong></span> <span class='ocrx_word' id='word_1_225' title='bbox 777 2700 950 2788; x_wconf 89' lang='lat' dir='ltr'><strong>quemlibet</strong></span> <span class='ocrx_word' id='word_1_226' title='bbox 972 2703 1158 2787; x_wconf 87' lang='lat' dir='ltr'><strong>episcopum</strong></span> <span class='ocrx_word' id='word_1_227' title='bbox 1180 2701 1282 2786; x_wconf 89' lang='lat' dir='ltr'><strong>magis</strong></span> <span class='ocrx_word' id='word_1_228' title='bbox 1304 2701 1396 2764; x_wconf 92' lang='lat' dir='ltr'><strong>deco-</strong></span> 
     </span>
     <span class='ocr_line' id='line_1_29' title="bbox 280 2785 1397 2872; baseline -0.004 -21"><span class='ocrx_word' id='word_1_229' title='bbox 280 2810 351 2851; x_wconf 92' lang='lat' dir='ltr'><strong>rum</strong></span> <span class='ocrx_word' id='word_1_230' title='bbox 374 2787 506 2853; x_wconf 87' lang='lat' dir='ltr'><strong>videbat</strong></span> <span class='ocrx_word' id='word_1_231' title='bbox 527 2786 654 2867; x_wconf 90' lang='lat' dir='ltr'><strong>habere,</strong></span> <span class='ocrx_word' id='word_1_232' title='bbox 686 2787 752 2850; x_wconf 87' lang='lat' dir='ltr'><strong>sive</strong></span> <span class='ocrx_word' id='word_1_233' title='bbox 774 2794 946 2870; x_wconf 88' lang='lat' dir='ltr'><strong>praecepto</strong></span> <span class='ocrx_word' id='word_1_234' title='bbox 969 2787 1035 2848; x_wconf 89' lang='lat' dir='ltr'><strong>sive</strong></span> <span class='ocrx_word' id='word_1_235' title='bbox 1056 2785 1206 2872; x_wconf 79' lang='lat' dir='ltr'><strong>precibus</strong></span> <span class='ocrx_word' id='word_1_236' title='bbox 1228 2792 1397 2867; x_wconf 89' lang='lat' dir='ltr'><strong>acceptum</strong></span> 
     </span>
     <span class='ocr_line' id='line_1_30' title="bbox 281 2864 1397 2935; baseline -0.004 0"><span class='ocrx_word' id='word_1_237' title='bbox 281 2894 339 2935; x_wconf 92' lang='lat' dir='ltr'><strong>suo</strong></span> <span class='ocrx_word' id='word_1_238' title='bbox 367 2873 559 2935; x_wconf 91' lang='lat' dir='ltr'><strong>monasterio</strong></span> <span class='ocrx_word' id='word_1_239' title='bbox 582 2869 731 2934; x_wconf 87' lang='lat' dir='ltr'><strong>studebat</strong></span> <span class='ocrx_word' id='word_1_240' title='bbox 751 2869 904 2932; x_wconf 89' lang='lat' dir='ltr'><strong>conferre.</strong></span> <span class='ocrx_word' id='word_1_241' title='bbox 950 2866 1064 2932; x_wconf 86' lang='lat' dir='ltr'><strong>Oetera</strong></span> <span class='ocrx_word' id='word_1_242' title='bbox 1085 2889 1160 2932; x_wconf 81' lang='lat' dir='ltr'><strong>vero</strong></span> <span class='ocrx_word' id='word_1_243' title='bbox 1183 2864 1312 2930; x_wconf 90' lang='lat' dir='ltr'><strong>castella</strong></span> <span class='ocrx_word' id='word_1_244' title='bbox 1332 2887 1397 2930; x_wconf 91' lang='lat' dir='ltr'><strong>non</strong></span> 
     </span>
     <span class='ocr_line' id='line_1_31' title="bbox 281 2948 1396 3040; baseline -0.004 -21"><span class='ocrx_word' id='word_1_245' title='bbox 281 2965 347 3020; x_wconf 91' lang='lat' dir='ltr'><strong>tam</strong></span> <span class='ocrx_word' id='word_1_246' title='bbox 374 2954 486 3040; x_wconf 91' lang='lat' dir='ltr'><strong>pulcra</strong></span> <span class='ocrx_word' id='word_1_247' title='bbox 516 2975 612 3038; x_wconf 90' lang='lat' dir='ltr'><strong>quam</strong></span> <span class='ocrx_word' id='word_1_248' title='bbox 642 2954 736 3017; x_wconf 86' lang='lat' dir='ltr'><strong>fortia</strong></span> <span class='ocrx_word' id='word_1_249' title='bbox 763 2974 832 3016; x_wconf 90' lang='lat' dir='ltr'><strong>esse</strong></span> <span class='ocrx_word' id='word_1_250' title='bbox 858 2949 1035 3016; x_wconf 87' lang='lat' dir='ltr'><strong>laborabat.</strong></span> <span class='ocrx_word' id='word_1_251' title='bbox 1085 2951 1205 3014; x_wconf 86' lang='lat' dir='ltr'><strong>Beatus</strong></span> <span class='ocrx_word' id='word_1_252' title='bbox 1238 2960 1269 3015; x_wconf 89' lang='lat' dir='ltr'><strong>et</strong></span> <span class='ocrx_word' id='word_1_253' title='bbox 1300 2948 1396 3014; x_wconf 89' lang='lat' dir='ltr'><strong>valde</strong></span> 
     </span>
     <span class='ocr_line' id='line_1_32' title="bbox 280 3033 1397 3120; baseline -0.002 -19"><span class='ocrx_word' id='word_1_254' title='bbox 280 3037 394 3102; x_wconf 88' lang='lat' dir='ltr'><strong>beatus</strong></span> <span class='ocrx_word' id='word_1_255' title='bbox 416 3047 508 3118; x_wconf 87' lang='lat' dir='ltr'><strong>esset,</strong></span> <span class='ocrx_word' id='word_1_256' title='bbox 532 3038 559 3099; x_wconf 90' lang='lat' dir='ltr'><strong>si</strong></span> <span class='ocrx_word' id='word_1_257' title='bbox 580 3037 772 3100; x_wconf 88' lang='lat' dir='ltr'><strong>munitiones</strong></span> <span class='ocrx_word' id='word_1_258' title='bbox 794 3033 922 3098; x_wconf 90' lang='lat' dir='ltr'><strong>easdem</strong></span> <span class='ocrx_word' id='word_1_259' title='bbox 945 3045 1055 3098; x_wconf 89' lang='lat' dir='ltr'><strong>contra</strong></span> <span class='ocrx_word' id='word_1_260' title='bbox 1076 3055 1219 3120; x_wconf 86' lang='lat' dir='ltr'><strong>paganos</strong></span> <span class='ocrx_word' id='word_1_261' title='bbox 1234 3035 1397 3100; x_wconf 87' lang='lat' dir='ltr'><strong>erexisset.</strong></span> 
     </span>
     <span class='ocr_line' id='line_1_33' title="bbox 281 3116 1397 3204; baseline 0 -20"><span class='ocrx_word' id='word_1_262' title='bbox 281 3121 364 3184; x_wconf 89' lang='lat' dir='ltr'><strong>Nam</strong></span> <span class='ocrx_word' id='word_1_263' title='bbox 395 3121 457 3204; x_wconf 92' lang='lat' dir='ltr'><strong>ipsi</strong></span> <span class='ocrx_word' id='word_1_264' title='bbox 488 3121 553 3182; x_wconf 91' lang='lat' dir='ltr'><strong>iam</strong></span> <span class='ocrx_word' id='word_1_265' title='bbox 586 3119 707 3183; x_wconf 90' lang='lat' dir='ltr'><strong>dudum</strong></span> <span class='ocrx_word' id='word_1_266' title='bbox 740 3127 796 3182; x_wconf 89' lang='lat' dir='ltr'><strong>aut</strong></span> <span class='ocrx_word' id='word_1_267' title='bbox 828 3139 937 3182; x_wconf 91' lang='lat' dir='ltr'><strong>omnes</strong></span> <span class='ocrx_word' id='word_1_268' title='bbox 963 3118 1097 3184; x_wconf 87' lang='lat' dir='ltr'><strong>fuissent</strong></span> <span class='ocrx_word' id='word_1_269' title='bbox 1125 3116 1306 3200; x_wconf 89' lang='lat' dir='ltr'><strong>christiani,</strong></span> <span class='ocrx_word' id='word_1_270' title='bbox 1340 3129 1397 3184; x_wconf 88' lang='lat' dir='ltr'><strong>aut</strong></span> 
     </span>
     <span class='ocr_line' id='line_1_34' title="bbox 282 3201 1398 3288; baseline 0 -20"><span class='ocrx_word' id='word_1_271' title='bbox 282 3203 463 3268; x_wconf 90' lang='lat' dir='ltr'><strong>christianis</strong></span> <span class='ocrx_word' id='word_1_272' title='bbox 495 3203 695 3288; x_wconf 90' lang='lat' dir='ltr'><strong>principibus</strong></span> <span class='ocrx_word' id='word_1_273' title='bbox 727 3203 963 3287; x_wconf 86' lang='lat' dir='ltr'><strong>imperpetuum</strong></span> <span class='ocrx_word' id='word_1_274' title='bbox 995 3201 1162 3267; x_wconf 87' lang='lat' dir='ltr'><strong>tributarii.</strong></span> <span class='ocrx_word' id='word_1_275' title='bbox 1221 3201 1286 3268; x_wconf 84' lang='lat' dir='ltr'><strong>Sed</strong></span> <span class='ocrx_word' id='word_1_276' title='bbox 1318 3203 1398 3268; x_wconf 91' lang='lat' dir='ltr'><strong>haec</strong></span> 
     </span>
     <span class='ocr_line' id='line_1_35' title="bbox 282 3285 1396 3370; baseline -0.001 -18"><span class='ocrx_word' id='word_1_277' title='bbox 282 3287 483 3352; x_wconf 89' lang='lat' dir='ltr'><strong>castellorum</strong></span> <span class='ocrx_word' id='word_1_278' title='bbox 516 3286 649 3352; x_wconf 86' lang='lat' dir='ltr'><strong>diversis</strong></span> <span class='ocrx_word' id='word_1_279' title='bbox 677 3287 711 3349; x_wconf 92' lang='lat' dir='ltr'><strong>in</strong></span> <span class='ocrx_word' id='word_1_280' title='bbox 737 3285 815 3349; x_wconf 89' lang='lat' dir='ltr'><strong>locis</strong></span> <span class='ocrx_word' id='word_1_281' title='bbox 845 3286 1037 3350; x_wconf 87' lang='lat' dir='ltr'><strong>constructio</strong></span> <span class='ocrx_word' id='word_1_282' title='bbox 1064 3287 1168 3370; x_wconf 90' lang='lat' dir='ltr'><strong>primo</strong></span> <span class='ocrx_word' id='word_1_283' title='bbox 1200 3287 1396 3352; x_wconf 90' lang='lat' dir='ltr'><strong>nostratibus</strong></span> 
     </span>
    </p>

    <p class='ocr_par' dir='ltr' id='par_1_4' title="bbox 205 3369 1398 3804">
     <span class='ocr_line' id='line_1_36' title="bbox 205 3369 1398 3458; baseline 0.003 -28"><span class='ocrx_word' id='word_1_284' title='bbox 205 3423 207 3430; x_wconf 93' lang='lat'><em>.</em></span> <span class='ocrx_word' id='word_1_285' title='bbox 280 3371 411 3458; x_wconf 91' lang='lat' dir='ltr'><strong>puerilis</strong></span> <span class='ocrx_word' id='word_1_286' title='bbox 443 3370 538 3434; x_wconf 90' lang='lat' dir='ltr'><strong>ludus</strong></span> <span class='ocrx_word' id='word_1_287' title='bbox 569 3371 749 3451; x_wconf 86' lang='lat' dir='ltr'><strong>videbatur,</strong></span> <span class='ocrx_word' id='word_1_288' title='bbox 778 3371 853 3454; x_wconf 86' lang='lat' dir='ltr'><strong>quia</strong></span> <span class='ocrx_word' id='word_1_289' title='bbox 884 3369 1027 3433; x_wconf 91' lang='lat' dir='ltr'><strong>nondum</strong></span> <span class='ocrx_word' id='word_1_290' title='bbox 1057 3371 1123 3434; x_wconf 88' lang='lat' dir='ltr'><strong>eius</strong></span> <span class='ocrx_word' id='word_1_291' title='bbox 1151 3371 1285 3436; x_wconf 90' lang='lat' dir='ltr'><strong>intentio</strong></span> <span class='ocrx_word' id='word_1_292' title='bbox 1314 3371 1398 3434; x_wconf 92' lang='lat' dir='ltr'><strong>mala</strong></span> 
     </span>
     <span class='ocr_line' id='line_1_37' title="bbox 282 3451 1398 3542; baseline -0.002 -22"><span class='ocrx_word' id='word_1_293' title='bbox 282 3454 542 3542; x_wconf 84' lang='lat' dir='ltr'><strong>cognoscebatur.</strong></span> <span class='ocrx_word' id='word_1_294' title='bbox 586 3455 629 3518; x_wconf 86' lang='lat' dir='ltr'><strong>Et</strong></span> <span class='ocrx_word' id='word_1_295' title='bbox 649 3477 713 3518; x_wconf 89' lang='lat' dir='ltr'><strong>non</strong></span> <span class='ocrx_word' id='word_1_296' title='bbox 735 3451 837 3518; x_wconf 90' lang='lat' dir='ltr'><strong>solum</strong></span> <span class='ocrx_word' id='word_1_297' title='bbox 859 3476 897 3518; x_wconf 92' lang='lat' dir='ltr'><strong>ea</strong></span> <span class='ocrx_word' id='word_1_298' title='bbox 918 3453 997 3534; x_wconf 90' lang='lat' dir='ltr'><strong>fieri,</strong></span> <span class='ocrx_word' id='word_1_299' title='bbox 1019 3452 1116 3517; x_wconf 91' lang='lat' dir='ltr'><strong>nichil</strong></span> <span class='ocrx_word' id='word_1_300' title='bbox 1137 3453 1242 3519; x_wconf 91' lang='lat' dir='ltr'><strong>adhuc</strong></span> <span class='ocrx_word' id='word_1_301' title='bbox 1263 3456 1398 3540; x_wconf 89' lang='lat' dir='ltr'><strong>periculi</strong></span> 
     </span>
     <span class='ocr_line' id='line_1_38' title="bbox 280 3535 1398 3624; baseline -0.002 -20"><span class='ocrx_word' id='word_1_302' title='bbox 280 3541 438 3622; x_wconf 84' lang='lat' dir='ltr'><strong>timentes,</strong></span> <span class='ocrx_word' id='word_1_303' title='bbox 461 3561 535 3603; x_wconf 92' lang='lat' dir='ltr'><strong>cum</strong></span> <span class='ocrx_word' id='word_1_304' title='bbox 557 3539 621 3602; x_wconf 89' lang='lat' dir='ltr'><strong>iam</strong></span> <span class='ocrx_word' id='word_1_305' title='bbox 642 3547 772 3623; x_wconf 87' lang='lat' dir='ltr'><strong>possent</strong></span> <span class='ocrx_word' id='word_1_306' title='bbox 792 3559 858 3600; x_wconf 90' lang='lat' dir='ltr'><strong>non</strong></span> <span class='ocrx_word' id='word_1_307' title='bbox 872 3535 1094 3624; x_wconf 88' lang='lat' dir='ltr'><strong>prohibebant,</strong></span> <span class='ocrx_word' id='word_1_308' title='bbox 1116 3560 1227 3602; x_wconf 87' lang='lat' dir='ltr'><strong>verum</strong></span> <span class='ocrx_word' id='word_1_309' title='bbox 1243 3539 1340 3602; x_wconf 89' lang='lat' dir='ltr'><strong>etiam</strong></span> <span class='ocrx_word' id='word_1_310' title='bbox 1355 3561 1398 3603; x_wconf 88' lang='lat' dir='ltr'><strong>ex</strong></span> 
     </span>
     <span class='ocr_line' id='line_1_39' title="bbox 280 3620 1397 3688; baseline -0.002 -2"><span class='ocrx_word' id='word_1_311' title='bbox 280 3625 341 3688; x_wconf 87' lang='lat' dir='ltr'><strong>hoc</strong></span> <span class='ocrx_word' id='word_1_312' title='bbox 363 3645 436 3688; x_wconf 91' lang='lat' dir='ltr'><strong>eum</strong></span> <span class='ocrx_word' id='word_1_313' title='bbox 457 3621 525 3687; x_wconf 85' lang='lat' dir='ltr'><strong>fore</strong></span> <span class='ocrx_word' id='word_1_314' title='bbox 548 3631 658 3686; x_wconf 89' lang='lat' dir='ltr'><strong>contra</strong></span> <span class='ocrx_word' id='word_1_315' title='bbox 679 3622 824 3686; x_wconf 88' lang='lat' dir='ltr'><strong>nationes</strong></span> <span class='ocrx_word' id='word_1_316' title='bbox 846 3632 972 3688; x_wconf 88' lang='lat' dir='ltr'><strong>exteras</strong></span> <span class='ocrx_word' id='word_1_317' title='bbox 994 3620 1181 3686; x_wconf 90' lang='lat' dir='ltr'><strong>bellicosum</strong></span> <span class='ocrx_word' id='word_1_318' title='bbox 1228 3623 1296 3686; x_wconf 90' lang='lat' dir='ltr'><strong>uasi</strong></span> <span class='ocrx_word' id='word_1_319' title='bbox 1320 3623 1397 3686; x_wconf 88' lang='lat' dir='ltr'><strong>divi-</strong></span> 
     </span>
     <span class='ocr_line' id='line_1_40' title="bbox 281 3643 1397 3804; baseline 0 -34"><span class='ocrx_word' id='word_1_320' title='bbox 281 3715 402 3787; x_wconf 87' lang='lat' dir='ltr'><strong>nantes,</strong></span> <span class='ocrx_word' id='word_1_321' title='bbox 429 3706 470 3769; x_wconf 92' lang='lat' dir='ltr'><strong>ad</strong></span> <span class='ocrx_word' id='word_1_322' title='bbox 495 3707 583 3790; x_wconf 90' lang='lat' dir='ltr'><strong>ipsas</strong></span> <span class='ocrx_word' id='word_1_323' title='bbox 606 3705 843 3769; x_wconf 84' lang='lat' dir='ltr'><strong>aedificationes</strong></span> <span class='ocrx_word' id='word_1_324' title='bbox 865 3728 939 3769; x_wconf 90' lang='lat' dir='ltr'><strong>eum</strong></span> <span class='ocrx_word' id='word_1_325' title='bbox 960 3705 1012 3804; x_wconf 83' lang='lat' dir='ltr'><strong>vel</strong></span> <span class='ocrx_word' id='word_1_326' title='bbox 1035 3706 1150 3804; x_wconf 77' lang='lat' dir='ltr'><strong>opibus</strong></span> <span class='ocrx_word' id='word_1_327' title='bbox 1172 3643 1225 3769; x_wconf 79' lang='lat' dir='ltr'><strong>vel</strong></span> <span class='ocrx_word' id='word_1_328' title='bbox 1245 3705 1397 3790; x_wconf 91' lang='lat' dir='ltr'><strong>operibus</strong></span> 
     </span>
    </p>
   </div>
   <div class='ocr_carea' id='block_1_3' title="bbox 281 3787 1398 3959">
    <p class='ocr_par' dir='ltr' id='par_1_5' title="bbox 281 3787 1398 3959">
     <span class='ocr_line' id='line_1_41' title="bbox 281 3787 1396 3888; baseline 0 -34"><span class='ocrx_word' id='word_1_329' title='bbox 281 3791 484 3856; x_wconf 87' lang='lat' dir='ltr'><strong>adiuvabant.</strong></span> <span class='ocrx_word' id='word_1_330' title='bbox 521 3791 695 3874; x_wconf 91' lang='lat' dir='ltr'><strong>Postquam</strong></span> <span class='ocrx_word' id='word_1_331' title='bbox 717 3811 793 3853; x_wconf 89' lang='lat' dir='ltr'><strong>vero</strong></span> <span class='ocrx_word' id='word_1_332' title='bbox 815 3789 975 3888; x_wconf 88' lang='lat' dir='ltr'><strong>praesidia</strong></span> <span class='ocrx_word' id='word_1_333' title='bbox 996 3812 1031 3852; x_wconf 91' lang='lat' dir='ltr'><strong>m</strong></span> <span class='ocrx_word' id='word_1_334' title='bbox 1051 3811 1131 3874; x_wconf 89' lang='lat' dir='ltr'><strong>1ps1s</strong></span> <span class='ocrx_word' id='word_1_335' title='bbox 1147 3787 1284 3854; x_wconf 89' lang='lat' dir='ltr'><strong>castellis</strong></span> <span class='ocrx_word' id='word_1_336' title='bbox 1300 3789 1396 3854; x_wconf 90' lang='lat' dir='ltr'><strong>collo-</strong></span> 
     </span>
     <span class='ocr_line' id='line_1_42' title="bbox 282 3872 1398 3959; baseline -0.001 -20"><span class='ocrx_word' id='word_1_337' title='bbox 282 3884 354 3939; x_wconf 88' lang='lat' dir='ltr'><strong>cata</strong></span> <span class='ocrx_word' id='word_1_338' title='bbox 376 3882 551 3959; x_wconf 88' lang='lat' dir='ltr'><strong>coeperunt</strong></span> <span class='ocrx_word' id='word_1_339' title='bbox 572 3873 605 3935; x_wconf 92' lang='lat' dir='ltr'><strong>in</strong></span> <span class='ocrx_word' id='word_1_340' title='bbox 628 3872 760 3936; x_wconf 86' lang='lat' dir='ltr'><strong>circuitu</strong></span> <span class='ocrx_word' id='word_1_341' title='bbox 784 3885 848 3936; x_wconf 82' lang='lat' dir='ltr'><strong>su1⁰</strong></span> <span class='ocrx_word' id='word_1_342' title='bbox 869 3873 1092 3958; x_wconf 89' lang='lat' dir='ltr'><strong>praedationes</strong></span> <span class='ocrx_word' id='word_1_343' title='bbox 1104 3893 1211 3958; x_wconf 85' lang='lat' dir='ltr'><strong>agere,</strong></span> <span class='ocrx_word' id='word_1_344' title='bbox 1234 3895 1299 3937; x_wconf 90' lang='lat' dir='ltr'><strong>non</strong></span> <span class='ocrx_word' id='word_1_345' title='bbox 1323 3895 1398 3939; x_wconf 92' lang='lat' dir='ltr'><strong>suos</strong></span> 
     </span>
    </p>
   </div>
   <div class='ocr_carea' id='block_1_4' title="bbox 281 4053 1155 4108">
    <p class='ocr_par' dir='ltr' id='par_1_6' title="bbox 281 4053 1155 4108">
     <span class='ocr_line' id='line_1_43' title="bbox 281 4053 1155 4108; baseline -0.002 -12"><span class='ocrx_word' id='word_1_346' title='bbox 281 4055 304 4108; x_wconf 81' lang='lat' dir='ltr'><strong>a)</strong></span> <span class='ocrx_word' id='word_1_347' title='bbox 320 4056 467 4104; x_wconf 76' lang='lat' dir='ltr'><strong>Bavenburg.</strong></span> <span class='ocrx_word' id='word_1_348' title='bbox 484 4057 504 4096; x_wconf 86' lang='lat'><strong>1.</strong></span> <span class='ocrx_word' id='word_1_349' title='bbox 566 4053 589 4106; x_wconf 90' lang='lat' dir='ltr'><strong>b)</strong></span> <span class='ocrx_word' id='word_1_350' title='bbox 605 4055 637 4093; x_wconf 82' lang='lat' dir='ltr'><strong>ita</strong></span> <span class='ocrx_word' id='word_1_351' title='bbox 653 4054 711 4103; x_wconf 60' lang='lat' dir='ltr'><strong>edim</strong></span> <span class='ocrx_word' id='word_1_352' title='bbox 727 4057 752 4094; x_wconf 86' lang='lat' dir='ltr'><strong>ut</strong></span> <span class='ocrx_word' id='word_1_353' title='bbox 768 4056 793 4104; x_wconf 75' lang='lat'><strong>23</strong></span> <span class='ocrx_word' id='word_1_354' title='bbox 809 4055 849 4095; x_wconf 87' lang='lat' dir='ltr'><strong>ubi</strong></span> <span class='ocrx_word' id='word_1_355' title='bbox 866 4057 885 4096; x_wconf 90' lang='lat' dir='ltr'><strong>l.</strong></span> <span class='ocrx_word' id='word_1_356' title='bbox 948 4053 968 4105; x_wconf 87' lang='lat' dir='ltr'><strong>c)</strong></span> <span class='ocrx_word' id='word_1_357' title='bbox 985 4056 1016 4094; x_wconf 81' lang='lat' dir='ltr'><strong>ita</strong></span> <span class='ocrx_word' id='word_1_358' title='bbox 1032 4056 1058 4105; x_wconf 63' lang='grc' dir='ltr'><strong>ῖς</strong></span> <span class='ocrx_word' id='word_1_359' title='bbox 1074 4064 1116 4094; x_wconf 79' lang='lat' dir='ltr'><strong>suo</strong></span> <span class='ocrx_word' id='word_1_360' title='bbox 1134 4056 1155 4094; x_wconf 88' lang='lat'><strong>1·.</strong></span> 
     </span>
    </p>
   </div>
   <div class='ocr_carea' id='block_1_5' title="bbox 281 4195 1399 4394">
    <p class='ocr_par' dir='ltr' id='par_1_7' title="bbox 281 4195 1399 4394">
     <span class='ocr_line' id='line_1_44' title="bbox 283 4195 1398 4262; baseline 0.004 -18"><span class='ocrx_word' id='word_1_361' title='bbox 283 4198 309 4260; x_wconf 86' lang='lat'><strong>1)</strong></span> <span class='ocrx_word' id='word_1_362' title='bbox 328 4195 510 4248; x_wconf 73' lang='lat' dir='ltr'><strong>Herimcnous</strong></span> <span class='ocrx_word' id='word_1_363' title='bbox 535 4213 561 4248; x_wconf 86' lang='lat' dir='ltr'><strong>a.</strong></span> <span class='ocrx_word' id='word_1_364' title='bbox 583 4195 661 4246; x_wconf 76' lang='lat'>1065.</span> <span class='ocrx_word' id='word_1_365' title='bbox 686 4212 744 4246; x_wconf 82' lang='lat' dir='ltr'><strong>cum</strong></span> <span class='ocrx_word' id='word_1_366' title='bbox 764 4195 924 4248; x_wconf 81' lang='lat' dir='ltr'><strong>Adalbertaa</strong></span> <span class='ocrx_word' id='word_1_367' title='bbox 949 4196 1027 4245; x_wconf 79' lang='lat' dir='ltr'><strong>rebus</strong></span> <span class='ocrx_word' id='word_1_368' title='bbox 1050 4197 1192 4260; x_wconf 77' lang='lat' dir='ltr'><strong>praeesset,</strong></span> <span class='ocrx_word' id='word_1_369' title='bbox 1218 4195 1398 4262; x_wconf 82' lang='lat' dir='ltr'><strong>episcopatum</strong></span> 
     </span>
     <span class='ocr_line' id='line_1_45' title="bbox 281 4266 1399 4336; baseline 0.002 -18"><span class='ocrx_word' id='word_1_370' title='bbox 281 4269 350 4331; x_wconf 82' lang='lat' dir='ltr'><strong>emit,</strong></span> <span class='ocrx_word' id='word_1_371' title='bbox 368 4270 415 4320; x_wconf 84' lang='lat' dir='ltr'><strong>aed</strong></span> <span class='ocrx_word' id='word_1_372' title='bbox 435 4287 459 4320; x_wconf 89' lang='lat' dir='ltr'><strong>a.</strong></span> <span class='ocrx_word' id='word_1_373' title='bbox 483 4269 561 4320; x_wconf 76' lang='lat'>10⁷5.</span> <span class='ocrx_word' id='word_1_374' title='bbox 578 4285 628 4332; x_wconf 83' lang='lat' dir='ltr'><strong>per</strong></span> <span class='ocrx_word' id='word_1_375' title='bbox 648 4268 803 4334; x_wconf 61' lang='lat' dir='ltr'><strong>arepertum</strong></span> <span class='ocrx_word' id='word_1_376' title='bbox 828 4268 892 4318; x_wconf 88' lang='lat' dir='ltr'><strong><em>VII.</em></strong></span> <span class='ocrx_word' id='word_1_377' title='bbox 912 4266 1046 4332; x_wconf 77' lang='lat' dir='ltr'><strong>depositus</strong></span> <span class='ocrx_word' id='word_1_378' title='bbox 1065 4275 1111 4331; x_wconf 82' lang='lat' dir='ltr'><strong>eat,</strong></span> <span class='ocrx_word' id='word_1_379' title='bbox 1132 4282 1182 4330; x_wconf 80' lang='lat' dir='ltr'><strong>quo</strong></span> <span class='ocrx_word' id='word_1_380' title='bbox 1195 4269 1272 4333; x_wconf 86' lang='lat' dir='ltr'><strong>facto</strong></span> <span class='ocrx_word' id='word_1_381' title='bbox 1293 4270 1399 4336; x_wconf 82' lang='lat' dir='ltr'><strong>Ruper-</strong></span> 
     </span>
     <span class='ocr_line' id='line_1_46' title="bbox 281 4340 619 4394; baseline 0.015 -5"><span class='ocrx_word' id='word_1_382' title='bbox 281 4348 336 4390; x_wconf 81' lang='lat' dir='ltr'><strong>tam</strong></span> <span class='ocrx_word' id='word_1_383' title='bbox 354 4357 402 4393; x_wconf 81' lang='lat' dir='ltr'><strong>rea</strong></span> <span class='ocrx_word' id='word_1_384' title='bbox 420 4340 540 4394; x_wconf 70' lang='lat' dir='ltr'><strong>instituit.</strong></span> <span class='ocrx_word' id='word_1_385' title='bbox 585 4343 619 4394; x_wconf 86' lang='lat' dir='ltr'><strong>W.</strong></span> 
     </span>
    </p>
   </div>
   <div class='ocr_carea' id='block_1_6' title="bbox 0 0 1560 4804">
    <p class='ocr_par' dir='ltr' id='par_1_8' title="bbox 0 0 1560 4804">
     <span class='ocr_line' id='line_1_47' title="bbox 0 0 1560 4804; baseline 0 0"><span class='ocrx_word' id='word_1_386' title='bbox 0 0 1560 4804; x_wconf 95' lang='lat' dir='ltr'><strong> </strong></span> 
     </span>
    </p>
   </div>
  </div>
 </body>
</html>
