3114 4814
298 359 347 437 'os
494 384 544 436 nn
563 383 721 437 currere
741 382 945 436 nocensne
970 381 1243 435 cousnavsuns.

158 583 224 626 ross.
240 579 304 633 sept.
313 556 541 640 imperatorem
590 574 625 616 cr
646 553 713 616 vim
740 549 847 616 bellici
873 549 1049 615 tumultus¹
1073 547 1238 614 discedere
1266 571 1308 614 ex
1331 548 1433 612 Saxo-

313 640 387 702 nia²
416 659 490 701 cum
523 575 688 702 catholicis
722 635 892 723 episcopis,
925 636 1104 720 aperientes
1136 636 1252 698 iterum
1282 633 1434 699 hereticis

314 723 439 787 aditum
468 721 652 786 introeundi
679 719 721 784 ad
751 718 832 785 ovile
861 720 980 802 ovium,
1009 727 1045 784 ut
1070 740 1130 806 pro
1158 717 1340 803 pastoribus
1363 717 1433 817 lupi

237 826 302 866 rosc.
315 807 556 871 dominarentur
584 805 634 870 iis.
678 805 757 869 Post
785 803 863 868 haec
893 825 976 868 anno
1006 803 1115 886 altero,
1146 825 1219 867 oum
1248 805 1312 866 iam
1336 801 1433 880 simili

313 890 420 972 mode,
449 891 533 955 sicut
561 889 743 976 frequenter
770 888 891 953 factum
915 898 972 970 est,
995 887 1102 953 elusus
1124 889 1238 952 luisset
1257 888 1434 973 imperator

338 997 373 1039 er
395 974 561 1040 Saxonum
582 983 678 1061 atque
699 973 939 1058 Thuringorum
960 972 1128 1059 perfidiam
1138 982 1160 1052 ³,
1187 973 1244 1058 qui
1265 993 1367 1057 usque
1389 971 1433 1036 ad

314 998 430 1123 Rotam
452 1057 586 1124 fluvium
610 1080 684 1122 cum
700 1059 844 1122 exercitu
866 1079 924 1121 suo
940 1067 1017 1121 tunc
1031 1065 1259 1143 peragraverat
1273 1068 1433 1121 utrorum-

315 1165 376 1230 que
392 1144 601 1230 provinciam,
624 1143 801 1227 composita
816 1163 896 1228 pace
917 1142 1009 1206 iuxta
1024 1141 1232 1222 conditiones,
1251 1162 1330 1228 quas
1345 1141 1433 1226 prin-

315 1227 404 1314 cipes
433 1229 594 1314 utrimque
623 1247 743 1312 aequas
772 1235 805 1290 et
833 1225 926 1290 utiles
954 1226 1160 1306 iudicassent,
1188 1224 1335 1290 discessit
1355 1223 1433 1289 inde

313 1323 446 1397 propter
473 1313 644 1375 instantem
674 1309 953 1395 quadragesimam
962 1320 985 1373 ⁴.
1030 1309 1093 1375 Sed
1122 1318 1282 1375 amatores
1304 1317 1432 1373 conten·

314 1396 410 1460 tionis
442 1417 480 1458 ac
517 1394 697 1459 discordiae
733 1394 1002 1481 pseudoepiscopi
1035 1393 1197 1458 Saxoniae
1234 1392 1435 1480 quaerebant

315 1477 408 1544 solito
437 1480 528 1564 pacis
559 1477 757 1542 conditiones
785 1479 1026 1564 interrumpere,
1049 1480 1214 1563 cupientes
1236 1479 1338 1564 magis
1361 1499 1432 1562 per-

313 1561 391 1626 fidia
423 1575 454 1627 et
485 1563 625 1648 periurio
658 1583 769 1626 secum
799 1584 909 1628 omnes
935 1563 1045 1644 teneri,
1075 1583 1171 1648 quam
1201 1585 1315 1648 pacem
1344 1562 1432 1644 fieri;

313 1646 449 1732 ideoque
476 1667 541 1710 non
569 1647 644 1727 iam,
670 1647 755 1712 sicut
779 1658 882 1727 antea,
909 1645 1060 1712 volebant
1089 1657 1239 1710 eventum
1270 1645 1345 1712 belli
1376 1668 1432 1710 ex-

313 1739 444 1816 pectare
471 1733 555 1796 intra
581 1732 763 1818 provincias
789 1729 840 1796 vel
870 1732 1031 1796 Saxoniae
1058 1729 1110 1795 vel
1137 1731 1344 1816 Thuringiae,
1372 1728 1432 1794 sed

314 1814 476 1879 audebant
497 1814 577 1879 illud
598 1825 692 1879 extra
714 1815 794 1878 fines
816 1837 891 1880 suos
913 1818 947 1879 in
962 1814 1114 1880 ulteriora
1135 1817 1228 1900 regni
1249 1814 1432 1897 transferre,

313 1897 371 1963 ubi
403 1908 536 1985 possent
570 1901 806 1964 communicata
839 1921 909 1963 cum
948 1899 1062 1965 Suavis
1099 1899 1240 1964 scelera⁵
1276 1899 1432 1964 adversus

315 1982 483 2048 ecclesiam
498 1985 618 2070 pariter
640 1994 672 2048 et
685 1984 841 2048 adversus
855 2007 922 2049 rem
938 1984 1101 2070 publicam
1116 1985 1325 2067 committere,
1339 1985 1433 2048 iuxta

315 2068 401 2154 quod
424 2068 543 2132 factum
566 2068 670 2132 estin
691 2070 878 2154 episcopatu
893 2069 1165 2153 Wirziburgensis
1188 2068 1352 2151 ecclesiae,
1374 2067 1432 2131 ubi

313 2161 494 2238 pugnatum
525 2159 573 2217 est
600 2163 711 2216 contra
737 2154 964 2239 imperatorem
994 2153 1191 2217 Henrichum
1225 2153 1336 2238 quinta
1364 2153 1431 2215 iam

314 2237 397 2318 vice,
423 2257 506 2300 anno
535 2234 656 2300 scilicet
686 2237 776 2301 1086.
809 2237 850 2302 ab
883 2239 1102 2302 incarnatione
1128 2237 1271 2318 Domini,
1299 2239 1329 2301 3.
1351 2235 1432 2300 Idus

313 2319 463 2404 Augusti.
495 2320 602 2384 Huius
624 2341 752 2405 pugnae
775 2342 874 2384 causa
889 2323 1004 2404 extitit,
1026 2322 1123 2407 quiaa
1144 2323 1156 2384 i
1181 2343 1248 2385 sam
1267 2322 1431 2386 civitatem

313 2402 501 2488 Wirziburg
529 2426 571 2468 ex
598 2402 764 2469 obsidione
785 2405 926 2469 hostium
946 2405 1120 2491 imperator
1140 2344 1276 2472 ldrerare
1297 2403 1431 2486 voluitt,

313 2487 371 2552 sed
397 2487 491 2550 dolus
524 2489 629 2574 magis
659 2511 753 2575 quam
782 2490 885 2554 virtus
917 2490 1086 2554 victoriam
1118 2489 1264 2555 hostibus
1295 2490 1432 2576 peperit.

313 2572 543 2636 Verumtamen
564 2594 628 2636 uon
650 2575 754 2659 magis
777 2595 851 2638 cum
871 2573 1015 2639 hostibus
1039 2596 1134 2660 quam
1158 2595 1231 2638 cum
1250 2574 1431 2660 proditione

313 2677 353 2720 ac
374 2655 510 2742 perfidia
532 2657 713 2721 sociorum*
736 2658 923 2724 dimicatum
946 2667 1003 2743 est,
1033 2681 1116 2746 quae
1142 2657 1307 2723 dimicatio
1328 2659 1432 2722 maior

314 2817 337 2870 a)
354 2817 553 2870 que1300ldocr.
570 2822 694 2864 emendavit.

315 2955 344 3025 1)
364 2958 443 3008 Hanc
456 2959 616 3009 seditionem
629 2959 778 3026 Egbertum
797 2961 911 3010 maxime
925 2961 1051 3021 movisse,
1070 2960 1138 3010 Ann.
1152 2959 1282 3027 Magdeb.
1297 2967 1323 3012 et
1337 2961 1430 3026 Sigeb.

315 3029 378 3098 (SS.
391 3031 441 3092 VI,
460 3048 487 3098 p.
508 3031 574 3096 365)
594 3035 716 3097 tradunt;
736 3034 781 3083 hic
802 3034 880 3083 dicit:
901 3031 1021 3082 Saxones
1040 3031 1136 3084 iterum
1153 3033 1280 3086 rebellant
1299 3035 1433 3086 incentore

310 3104 497 3170 praecunctis
516 3104 628 3171 prerto
648 3105 745 3158 comite.
827 3106 855 3171 2)
876 3105 916 3158 cf.
937 3105 1065 3157 Bernoldi
1084 3106 1146 3158 chr.
1167 3108 1226 3170 (SS.
1246 3110 1279 3172 V,
1305 3125 1331 3175 p.
1352 3105 1429 3174 444).

315 3175 344 3242 3)
366 3176 480 3244 Stumpf,
499 3179 567 3242 Reg.
582 3177 662 3230 2879.
677 3179 757 3233 2880.
771 3179 856 3242 28933
878 3179 912 3229 ci.
927 3179 999 3246 quod
1011 3179 1175 3231 waltramus
1194 3182 1253 3248 ipse
1273 3181 1306 3232 ds
1319 3181 1431 3247 Egberti

314 3249 429 3318 perfidia
449 3250 484 3313 (c.
505 3249 553 3316 33)
575 3251 648 3304 dicit.
723 3255 751 3320 4)
778 3255 810 3304 A.
831 3251 910 3303 1086.
934 3253 1141 3318 quadragesima
1165 3256 1267 3321 incepit
1285 3255 1365 3306 Febr.
1386 3254 1430 3305 16.

316 3325 343 3388 6)
360 3323 400 3376 cf.
420 3324 550 3376 Bernoldi
570 3325 630 3377 Chr.
649 3343 676 3394 p.
697 3327 765 3390 4443
791 3327 903 3392 Stumpf,
923 3327 991 3391 Reg.
1011 3325 1099 3387 28853
1123 3328 1192 3379 Anu.
1212 3330 1340 3394 August3
1361 3327 1431 3380 Gon·

314 3399 402 3452 ensa.
415 3399 544 3462 Mariani;
564 3399 672 3466 Sigeb.;
691 3401 796 3452 Ekkeh.
811 3399 872 3450 Chr.
908 3401 949 3450 Ex
967 3400 1008 3450 his
1028 3401 1151 3452 omnibus
1170 3408 1291 3469 apparet,
1311 3403 1433 3454 Saxones

315 3471 449 3524 studuisse
474 3471 635 3524 Alberonem
661 3476 689 3524 in
715 3475 898 3541 episcopatum
922 3475 1062 3526 restituere
1088 3476 1198 3540 eiusque
1223 3478 1263 3526 rei
1283 3492 1365 3527 censa
1383 3492 1433 3528 sue

316 3550 411 3611 sponte
431 3551 506 3596 extra
525 3544 591 3598 fines
611 3549 766 3614 provinciae
785 3548 939 3612 imperatori
958 3547 1058 3598 bellum
1078 3549 1200 3600 intulisse
1220 3556 1247 3600 et
1261 3565 1321 3600 cum
1335 3551 1431 3601 Suavis

316 3634 345 3669 se
366 3619 543 3670 coniunxisse.
619 3621 647 3684 6)
666 3621 728 3671 Huc
747 3621 836 3672 omnia
855 3625 979 3686 spectant
999 3638 1067 3687 quae
1087 3622 1251 3673 Waltramus
1270 3621 1307 3689 (c.
1329 3621 1375 3688 16)
1397 3623 1432 3673 de

315 3690 480 3741 Herimsnne
507 3697 534 3741 et
559 3691 592 3742 de
618 3709 708 3759 pugna
732 3695 761 3744 in
783 3695 895 3744 circuitu
921 3696 1039 3747 civitatis
1061 3695 1286 3762 wirziburgensis
1318 3695 1431 3748 dixerat.

317 3763 346 3828 6)
372 3763 433 3814 Hac
458 3766 486 3814 in
511 3781 541 3814 re
569 3765 687 3818 dilucide
712 3769 839 3834 cognosci
864 3773 959 3834 potest,
986 3770 1045 3834 quis
1064 3770 1222 3836 scriptorum
1241 3767 1313 3818 illius
1333 3769 1430 3820 aetatis

316 3838 484 3903 imperatoris
503 3843 592 3904 partes
611 3845 746 3906 sequatur,
765 3842 824 3906 quis
844 3841 878 3891 ab
901 3841 1061 3893 adversariis
1086 3845 1142 3894 eius
1162 3847 1223 3893 stet.
1260 3842 1329 3892 Nam
1355 3857 1430 3892 acer-

316 3910 376 3961 rimi
404 3910 526 3962 vindicos
556 3927 654 3964 causae
680 3913 871 3978 Gregorianae,
896 3920 926 3966 ut
952 3915 1102 3967 Bernoldus
1123 3921 1150 3966 et
1175 3915 1239 3966 chr.
1264 3915 1432 3979 Petershus.,

316 3982 424 4036 silentio
452 3999 505 4035 non
533 3984 619 4036 solum
648 3985 785 4052 perfidiam
811 3990 942 4040 sociorum
965 3995 1144 4056 praetereunt,
1170 3989 1217 4040 sed
1244 3990 1324 4040 etiam
1350 3988 1432 4056 paulo

317 4063 379 4124 post
404 4064 590 4124 recuperatam
615 4061 706 4111 urbem
726 4062 893 4127 Wirziburg;
918 4062 1095 4114 Ekkehardus
1114 4063 1182 4113 illud
1200 4079 1253 4114 non
1273 4062 1363 4126 tradit,
1383 4062 1432 4112 sed

317 4137 454 4198 receptam
469 4147 527 4182 esse
540 4133 632 4184 urbem
646 4143 849 4198 commemorat;
866 4136 935 4186 Ann.
949 4136 1061 4202 August.
1076 4136 1181 4187 dicunt:
1202 4136 1331 4188 excretam
1345 4141 1433 4186 actem

318 4203 361 4255 saa'
374 4221 443 4270 para
461 4204 579 4256 mamma
596 4207 692 4274 statim,
712 4215 801 4259 atrum
813 4208 921 4260 coasilio
938 4225 974 4258 on
985 4209 1105 4276 ignavia,
1124 4209 1236 4275 turpiter
1254 4215 1330 4276 tergo
1341 4207 1433 4271 uertit,-

318 4280 431 4345 scriptor
446 4280 479 4331 V.
498 4280 611 4332 Henrici
630 4282 666 4346 (c.
680 4283 708 4346 4)
728 4288 825 4345 narrat,
844 4282 986 4334 nonnullos
1007 4283 1111 4348 equites
1131 4286 1222 4350 regiae
1241 4285 1324 4350 partis
1344 4282 1434 4333 subito

319 4351 443 4404 mercede
464 4353 610 4408 conductos
629 4372 703 4407 armo
722 4358 749 4407 in
768 4372 860 4422 regem
879 4357 965 4422 ipsum
984 4357 1105 4407 vertisse.
