3116 4822
245 1239 260 1248 --
285 1172 373 1267 DE
410 1165 705 1265 UNITATE
742 1163 1102 1262 EOOLESIAE

437 1323 958 1421 CONSERVANDAt

603 1527 738 1593 LIBER
758 1528 784 1592 I.
862 1530 863 1534 ’

220 1639 247 1703 1.
291 1635 394 1698 Nemo
422 1633 571 1697 aseendit
600 1633 638 1694 ia
668 1629 803 1709 caelum,
833 1629 901 1691 aiei
928 1629 988 1712 qai
1017 1627 1182 1692 descendit
1215 1627 1254 1691 de
1264 1645 1314 1688 Ich.
1327 1645 1394 1700 ara.

132 1719 232 1801 caelo,
256 1717 354 1798 filius
387 1717 539 1797 dominia,
572 1717 631 1799 qui
662 1724 707 1778 eat
739 1718 777 1777 ia
810 1711 906 1779 caelo.
952 1711 1016 1775 Per
1043 1711 1122 1776 haec
1152 1712 1254 1776 sancti

134 1801 295 1886 euangelii
331 1799 431 1864 verba
467 1797 670 1863 commendat
702 1797 863 1861 Dominus
898 1797 1052 1860 unitatem
1089 1794 1254 1877 ecclesiae,

133 1907 217 1972 quae
244 1906 304 1969 per
330 1884 495 1946 caritatem
524 1880 723 1946 concordans
751 1879 969 1944 membrorum
991 1879 1112 1944 unitate
1134 1877 1256 1964 colligit

134 1991 170 2032 se
198 1970 232 2031 in
261 1965 385 2031 caelum
412 1967 445 2028 in
473 1967 544 2051 ipso
568 1964 790 2050 Redemptore,
842 1963 874 2025 ui
896 1972 945 2026 cst
967 1971 1066 2046 caput
1088 1961 1253 2033 eeclesiae.

134 2051 192 2116 Sic
214 2052 301 2116 enim
322 2051 393 2136 ipse
415 2059 485 2114 orat
506 2049 546 2114 ad
568 2051 695 2114 Patrem
719 2070 777 2134 pro
799 1985 949 2110 fidelibus
971 2047 1045 2127 suis,
1075 2067 1155 2132 quos
1183 2068 1253 2132 pre-

134 2135 308 2201 destinavit
323 2133 497 2199 concordes
511 2134 581 2198 fore
603 2135 637 2197 in
652 2132 780 2197 vinculo
801 2131 944 2196 caritatis
966 2139 998 2195 et
1019 2133 1126 2215 pacis:
1148 2131 1253 2216 Rapo,

133 2221 293 2306 inquiens,
321 2229 357 2282 at
388 2241 495 2283 omnes
517 2242 620 2283 anam
643 2221 718 2298 siat,
741 2219 823 2282 sicut
844 2226 880 2279 ta
897 2225 997 2301 pater
1016 2217 1054 2278 ia
1076 2237 1124 2279 ote
1146 2224 1175 2280 et
1196 2202 1404 2362 epo¹⁰¹¹·,},'’²¹·

135 2306 173 2369 ia
201 2315 239 2385 te,
267 2312 304 2367 ut
331 2305 449 2388 clipei
473 2306 509 2367 ia
532 2303 626 2367 cobis
648 2325 750 2366 anum
773 2303 850 2382 aiat,
873 2308 903 2363 et
924 2299 1063 2380 dilectio,
1088 2321 1154 2384 quc
1176 2300 1213 2362 di
1226 2321 1254 2362 e·

135 2391 216 2453 scisti
242 2410 300 2469 me,
329 2390 366 2452 ia
395 2389 480 2471 ipsis
509 2389 552 2451 ait
578 2396 607 2448 et
634 2407 691 2472 epo
717 2386 830 2449 iniis.
874 2381 969 2447 Unde
992 2391 1121 2447 sanctus
1142 2382 1254 2467 Augu·

18 2511 38 2524 ··
136 2474 238 2536 stinus
263 2473 297 2536 in
321 2471 424 2556 ipsius
450 2469 608 2556 euangelii
632 2469 834 2574 expositione
842 2480 872 2531 ’τ
898 2481 933 2531 In
951 2497 1013 2544 ano,
1031 2466 1145 2551 inquit,
1168 2487 1254 2544 estote,

135 2586 219 2621 anam
250 2574 342 2633 estote,
376 2585 446 2618 anua
479 2574 565 2620 estote.
628 2552 685 2615 ht:
725 2567 780 2618 Vae
810 2567 877 2628 illis,
909 2563 956 2628 qai
987 2563 1099 2615 oderant
1126 2563 1255 2613 unitatem

135 2644 265 2707 eccleciae,
280 2649 462 2708 presumentes
481 2641 510 2692 ire
528 2640 677 2692 hominibus
692 2648 787 2706 partes
797 2641 903 2706 secere.
946 2628 1078 2693 Utinam
1096 2628 1256 2694 voluerint

135 2709 197 2774 hoc
222 2709 395 2790 attendere,
422 2710 477 2794 qui
499 2718 606 2794 partes
631 2709 665 2771 in
690 2706 873 2771 hominibus
899 2711 1054 2791 fecerunt,
1079 2723 1115 2776 ut
1136 2713 1257 2777 faciunt

136 2793 318 2859 scindentes
341 2793 493 2856 unitatem
517 2791 681 2874 ecclesiae,
705 2789 799 2890 quale
821 2789 979 2876 flagitium
1002 2796 1161 2860 scismatis
1184 2816 1257 2858 con-

135 2887 199 2943 stat
219 2879 352 2962 gravius
375 2899 445 2941 esse
468 2899 565 2963 quam
588 2875 691 2941 scelus
711 2873 886 2958 1dolatriae,
910 2879 1062 2964 quoniam
1086 2877 1203 2964 legitur
1224 2879 1257 2940 in

135 2962 246 3026 Veteri
261 2962 467 3027 'testamento
489 2960 637 3025 idolatria
652 2959 759 3046 gladio
781 2961 896 3045 punita
910 2985 990 3041 esse,
1013 2963 1129 3027 scisma
1151 2972 1257 3028 autem
1267 2955 1418 3056 ⁸¹¹¹}J3l30

135 3046 226 3110 hiatu
248 3055 361 3111 terrae.
397 3045 604 3131 Quapropter
625 3045 840 3110 necessarium
863 3047 1016 3111 duximus
1039 3047 1181 3112 scribere
1204 3045 1258 3111 ali·
1370 3048 1374 3055 '

136 3152 201 3217 qua
216 3129 257 3195 de
272 3140 357 3194 statu
376 3129 470 3193 huius
485 3130 637 3214 temporis
659 3128 824 3211 ecclesiae,
848 3133 932 3217 quia,
955 3133 1102 3232 quisquis
1125 3131 1260 3196 senserit

137 3238 172 3280 se
200 3236 270 3279 esse
298 3215 382 3279 intra
409 3221 553 3277 materna
573 3214 698 3278 viscera
724 3214 827 3298 ipsius
857 3215 1021 3294 ecclesiae,
1048 3238 1112 3280 non
1142 3217 1260 3301 poterit

135 3300 176 3381 ei,
201 3297 329 3384 quando
351 3295 496 3379 doluerit,
519 3319 583 3360 non
606 3296 784 3367 condolere.
827 3298 896 3364 Diu
923 3301 1007 3364 enim
1031 3309 1088 3382 est,
1118 3299 1204 3385 quod
1227 3302 1259 3362 in

135 3404 237 3466 regno
264 3382 402 3446 Romani
430 3381 558 3466 imperii
583 3379 668 3445 bella
694 3380 814 3468 ubique
849 3392 881 3447 et
907 3383 1080 3449 seditiones
1109 3392 1258 3468 aguntur,

136 3465 226 3554 quod
252 3465 310 3530 filii
336 3487 356 3528 a
387 3467 498 3530 matris
529 3463 684 3531 ecclesiae
710 3467 833 3551 gremio
861 3467 1091 3550 distrahuntur3
1126 3475 1157 3532 et
1184 3488 1259 3530 cum

49 3596 51 3605 ·
136 3557 269 3636 superet
297 3550 330 3612 in
356 3548 502 3634 plurimis
532 3549 703 3631 discordia,
732 3551 789 3614 vix
815 3552 848 3613 in
864 3553 987 3701 paucis
1008 3551 1163 3617 remansit
1185 3571 1258 3615 con-

137 3633 258 3716 cordia,
286 3656 344 3719 per
372 3654 469 3731 quam
498 3635 609 3698 unitur
636 3643 668 3699 et
696 3635 842 3700 consistit
893 3634 984 3701 hristi
1006 3635 1152 3714 ecclesia,
1181 3658 1258 3722 quo-

18 3727 48 3755 *
136 3721 224 3782 niam
253 3717 329 3782 inde
355 3718 505 3781 dicuntur
531 3719 692 3799 scismata,
723 3718 811 3804 quod
832 3719 937 3784 divisa
959 3730 1034 3784 sunt
1055 3719 1162 3802 corda,
1185 3741 1259 3784 cum

45 3819 46 3873 1
137 3804 294 3888 scriptum
323 3802 374 3882 sit,
402 3800 489 3887 quod
510 3800 724 3866 multitudinis
745 3803 943 3868 credentium
966 3805 1062 3869 fuerit
1083 3825 1138 3868 cor
1159 3827 1394 3880 unumsearaa

138 3897 171 3952 et
193 3888 300 3950 anima
322 3908 395 3955 uua,
443 3883 507 3950 Sed
528 3883 622 3948 huius
645 3885 826 3952 discordiae
853 3888 954 3954 fomes
976 3899 1009 3953 et
1028 3891 1259 3954 nutrimentum

138 4057 164 4110 a)
180 4062 203 4099 et
218 4060 350 4109 schismate,
366 4059 427 4108 quod
443 4057 486 4097 tuit
501 4058 563 4097 inter
578 4057 705 4098 Henricum
721 4063 836 4110 quartum,
852 4059 982 4109 imp.Rom.
1000 4062 1023 4099 et
1040 4058 1177 4108 Greeortum
1193 4058 1262 4108 septi·

138 4129 203 4158 mum
218 4122 282 4168 pont.
292 4128 353 4158 max.
363 4118 482 4157 cuiusdam
498 4117 547 4157 etus
563 4117 674 4165 temporis
690 4117 793 4166 theologi
809 4117 876 4170 iiber,
893 4118 921 4158 ab
938 4119 1040 4158 ssutteno
1056 4119 1163 4157 inventus
1179 4117 1230 4156 cdd.
1241 4118 1261 4158 1.

141 4251 169 4313 1)
189 4250 332 4314 Augustini
357 4251 385 4299 in
404 4249 532 4300 Iohannis
553 4264 649 4314 euang.
676 4265 699 4300 c.
719 4251 745 4301 3.
771 4254 877 4302 tractat.
897 4251 939 4314 12,
969 4251 1059 4317 Opera
1083 4248 1125 4300 ed.
1151 4248 1261 4312 Bened„

139 4325 226 4374 Paris.
249 4320 327 4381 1680,
348 4323 400 4385 ΙΙΙ,
422 4323 447 4386 2,
467 4341 494 4390 p.
515 4321 576 4373 387.

1016 4407 1028 4453 1
