3116 4822
307 370 358 420 DE
379 371 539 422 UNITATE
561 371 767 424 EOOLESIAE
788 372 1064 424 CONSERVANDA.
1229 373 1267 422 17

135 552 221 603 torem
248 550 384 604 cethaee.
431 537 516 603 Satis
546 535 692 604 indicant
723 537 803 603 hacc
831 537 883 603 vel
914 560 1019 624 pauca
1051 540 1090 604 de
1118 540 1263 626 plurimis

136 618 240 682 sancti
261 620 428 685 Ambrosii
450 622 538 687 dicta
558 621 610 688 vel
630 623 725 702 facta,
748 621 852 708 qualis
875 633 906 688 et
929 633 1048 708 quanta
1068 625 1102 686 in
1117 623 1263 688 ecclesia-

138 703 225 766 sticis
240 701 338 767 rebus
354 723 394 769 ae
410 705 590 794 disciplinis
609 707 726 772 debeat
740 729 810 771 esse
833 705 1033 772 discretionis
1049 708 1263 790 observantia,

137 809 176 851 ne
197 809 257 871 per
272 786 503 874 negligentiam
527 792 628 876 ipsius
644 790 855 872 discretionis,
879 792 990 854 matris
1007 792 1149 855 omnium
1165 794 1262 856 virtu-

138 880 215 951 tum,
228 869 337 957 aliqua
346 874 489 938 oriantur
500 873 661 939 scandala.
677 875 907 940 Veruntamen:
929 875 1000 956 Vae,
1011 877 1125 962 inquit,
1137 878 1263 940 homini
1272 904 1351 944 uass.
1361 905 1433 953 rar..

137 953 199 1035 itti,
217 978 282 1040 per
304 977 397 1040 quern
420 959 616 1023 scandalum
638 962 736 1024 vertit.
778 959 898 1042 Magna
926 959 1056 1042 quidem
1078 969 1153 1022 sunt
1173 981 1262 1024 soan-

137 1036 220 1119 dala,
250 1037 379 1104 hereses
409 1050 507 1128 atque
536 1043 695 1124 scismata,
726 1063 809 1127 quae
839 1043 980 1106 ostendit
1011 1042 1174 1128 apostolus
1207 1055 1263 1108 aut

137 1121 249 1185 eadem
272 1143 341 1188 esse
370 1134 426 1189 aut
455 1124 612 1212 aequalia.
658 1127 941 1208 Convenieptibus,
969 1127 1081 1212 inquit,
1109 1127 1198 1192 vohis
1224 1130 1261 1192 ire

138 1222 241 1268 unum
269 1209 306 1270 irs
335 1209 471 1274 eeclesia
501 1211 604 1274 audio
631 1213 795 1274 scissuras
825 1233 900 1291 esse,
928 1221 957 1274 et
978 1233 1018 1276 esc
1036 1221 1134 1296 parte
1155 1212 1260 1280 credo.

137 1288 227 1352 Nara
250 1301 372 1373 oportet
393 1295 519 1358 hereses
541 1317 618 1374 esse,
648 1305 684 1358 at
712 1296 821 1380 etqui
866 1295 975 1358 robati
996 1303 1072 1359 suot
1093 1295 1262 1442 manipesti

129 1371 221 1452 fiant
254 1377 292 1438 in
328 1378 427 1441 vobis.
482 1378 568 1441 Hine
607 1387 639 1443 et
674 1377 789 1442 beatus
823 1318 1000 1462 (hegorius
1031 1378 1065 1440 in
1104 1380 1152 1442 18.
1192 1377 1262 1442 ibro

136 1455 307 1520 Moralium
318 1471 346 1522 ¹:
368 1473 432 1539 Alii,
452 1463 566 1547 lnquit,
581 1494 675 1542 praua
693 1478 726 1528 cle
739 1477 797 1528 Deo
817 1477 942 1540 sentiant,
964 1478 1012 1528 atti
1029 1485 1102 1528 recta
1120 1477 1153 1528 de
1173 1485 1262 1528 aucto·

135 1545 215 1597 ritate
239 1553 333 1611 terrent,
359 1550 406 1600 sed
432 1551 559 1603 anassem
586 1567 644 1600 cam
663 1551 802 1616 fratribus
827 1567 881 1600 aori
906 1559 1002 1614 terreat,
1026 1549 1067 1600 illi
1086 1567 1174 1602 errore
1185 1550 1261 1617 fidei,

133 1626 179 1678 isti
193 1645 253 1680 vero
273 1630 408 1682 scismatis
425 1633 624 1698 perpetratione
643 1631 726 1684 dicia
745 1639 815 1684 sant.
849 1617 944 1681 Unde
967 1627 998 1682 et
1016 1618 1049 1679 in
1071 1617 1143 1702 ipsa
1157 1621 1262 1703 prima

134 1705 226 1842 parte
248 1695 395 1783 decalogi
417 1711 623 1785 utrarumque
645 1699 786 1784 partium
801 1700 915 1786 culpae
931 1702 1164 1786 exprimuntur,
1187 1723 1260 1764 oum

159 1779 246 1844 ivina
274 1803 355 1847 vooe
385 1781 516 1847 dicitur:
545 1785 673 1870 Diliges
697 1784 863 1849 dominura
885 1785 993 1850 Deum
1022 1795 1109 1849 taum
1136 1807 1176 1849 ea
1197 1795 1261 1850 toto

136 1864 309 1930 cordetuo
332 1876 361 1928 et
382 1889 422 1931 esc
443 1877 511 1931 tota
534 1870 649 1932 anima
671 1876 728 1932 tua
750 1877 779 1931 et
800 1890 840 1930 eoo
861 1879 929 1932 tota
951 1879 1051 1934 meare
1073 1879 1261 1954 tractatque

135 1969 214 2011 mox
235 1948 401 2014 subditur:
423 1951 552 2037 Dilipes
571 1953 761 2036 prociarum
781 1961 872 2015 tuam
900 1957 1030 2016 sicutte
1051 1955 1176 2033 ipsum,·
1207 1955 1262 2037 qui

136 2033 222 2096 enim
252 2033 292 2096 de
314 2033 386 2099 Deo
416 2057 569 2132 perversa
597 2036 702 2116 sentit,
732 2033 832 2120 liquet
863 2035 1019 2121 profecto,
1049 2037 1124 2121 quia
1153 2036 1261 2100 Deum

134 2137 200 2179 non
222 2115 334 2202 diligit.
366 2118 431 2198 Qur
446 2141 522 2183 vero
545 2119 586 2184 de
601 2119 674 2183 Deo
696 2127 785 2183 recta
807 2120 948 2184 sentiens
971 2141 991 2182 a
1014 2129 1143 2183 sanotae
1161 2118 1262 2184 eccle-

135 2201 202 2264 siae
224 2202 346 2266 unitate
369 2201 491 2267 divisus
513 2213 570 2285 est,
594 2211 718 2266 constat
732 2203 885 2287 profecto,
908 2205 984 2290 quia
998 2205 1182 2288 proximum
1197 2226 1261 2268 non

134 2293 231 2366 amat,
256 2307 351 2371 quem
374 2285 494 2351 habere
516 2287 640 2351 socium
662 2297 800 2352 recusat.
831 2289 875 2351 Et
894 2291 924 2351 si
945 2291 1018 2373 qais
1034 2289 1165 2369 dicerit,
1182 2311 1258 2372 quo·
1273 2310 1421 2361 tronum.

136 2371 244 2432 aiam:
274 2371 389 2456 Diligo
412 2372 528 2451 Deam,
551 2382 581 2435 ct
597 2372 744 2456 fratrem
772 2395 866 2436 suum
889 2372 1004 2453 oderit,
1032 2373 1175 2436 mendas
1206 2381 1260 2452 est,

136 2453 220 2516 sieut
252 2463 382 2518 sanctus
416 2456 574 2520 lohannes
607 2453 770 2540 apostolus
803 2456 856 2520 ait.
900 2455 1004 2541 igitur
1036 2477 1154 2540 magna
1187 2466 1262 2519 sunt

136 2536 298 2617 scandala,
320 2539 448 2602 hereses
471 2550 503 2603 et
525 2540 685 2619 scismata,
715 2539 755 2602 de
778 2539 896 2624 quibus
918 2550 950 2604 et
971 2539 1090 2604 dicitur
1110 2540 1143 2602 in
1165 2561 1260 2603 euan-

134 2619 230 2704 gelio,
254 2623 420 2706 quoniam:
444 2624 548 2688 Mittet
563 2623 669 2686 Filias
692 2623 834 2687 hominis
858 2621 992 2708 appelos
1014 2647 1098 2703 suos,
1121 2633 1150 2686 ct
1172 2624 1259 2688 colli·

135 2713 211 2790 perit
232 2705 272 2768 de
294 2729 394 2792 repno
417 2709 488 2771 eius
512 2708 623 2770 omnia
646 2705 819 2770 scandala.
863 2706 1012 2790 Regnum
1034 2707 1099 2771 Dei
1129 2706 1190 2770 hoc
1212 2717 1260 2770 est

134 2787 273 2852 eeclesia
300 2790 373 2871 Dei,
406 2789 514 2874 angeli
542 2791 606 2854 Dei
634 2790 667 2852 hi
695 2799 770 2853 sunt
801 2791 1041 2855 annuntiatores
1068 2789 1158 2854 verbi
1185 2790 1260 2866 Dei,

135 2871 247 2958 quales
268 2872 398 2938 fuerunt
412 2875 604 2939 Ambrosius
625 2883 722 2960 atque
743 2874 968 2955 Innocentius,¹
981 2871 1163 2938 sacerdotes
1184 2873 1258 2954 Dei,

134 2977 273 3040 quorum
295 2979 396 3022 unum
417 2958 592 3022 introducit
611 2959 645 3020 in
668 2959 826 3043 scriptura
848 2979 907 3021 sua
929 2980 1025 3044 saepe
1047 2956 1152 3021 dictus
1174 2978 1260 3043 papa

133 3039 328 3105 Hildebrant
338 3043 637 3107 excommunicasse
649 3041 865 3106 Theodosium
877 3043 1113 3128 imperatorem,
1124 3041 1258 3106 alterum

132 3147 212 3190 vero
226 3123 405 3190 Arcadium
427 3129 470 3190 im
496 3138 663 3191 eratorem.
708 3126 817 3206 Quare
839 3126 899 3190 hoo
921 3127 1085 3211 scripserit
1106 3136 1138 3190 et
1160 3148 1259 3212 quare

133 3209 165 3272 in
187 3231 269 3293 agro
292 3209 454 3274 dominico
472 3149 538 3275 hoo
560 3211 776 3291 seminaverit,
808 3211 889 3275 bene
911 3210 1040 3296 quidem
1067 3208 1259 3294 intelligtmt,

134 3293 255 3378 quibus
287 3293 394 3358 adhuc
427 3315 500 3358 oum
528 3295 643 3360 ceteris
672 3293 792 3358 Christi
820 3293 969 3358 fidelibus
998 3294 1123 3376 integra
1151 3305 1260 3358 manet

135 3376 311 3442 christiana
341 3378 540 3460 fraternitas,
596 3379 692 3443 uibus
726 3380 811 3441 circa
839 3378 993 3441 unitatem
1024 3375 1177 3441 ecclesiae
1211 3387 1259 3442 est

134 3461 261 3526 sincera
290 3463 416 3546 caritas,
446 3485 510 3548 qua
536 3401 658 3527 scilieet
686 3463 819 3526 caritate
847 3461 1021 3526 concordat
1041 3460 1255 3526 membrorum

133 3547 251 3610 unitas.
295 3545 390 3610 Sicut
421 3549 507 3612 enim
538 3551 575 3612 irs
608 3570 673 3611 uno
701 3568 847 3630 corpore,
879 3546 925 3609 ait
949 3543 1123 3631 apostolus,
1155 3547 1258 3610 muita

134 3629 277 3694 membra
299 3631 462 3712 habemas,
486 3633 597 3695 omnio
621 3641 725 3695 autera
740 3630 882 3695 membra
904 3653 972 3694 rtoa
997 3630 1133 3694 cundem
1150 3639 1258 3694 actara

135 3715 264 3795 habent,
294 3717 343 3778 ita
372 3714 467 3780 matti
494 3739 596 3780 saura
628 3736 747 3800 corpus
776 3737 889 3778 sumus
909 3717 946 3778 in
971 3713 1108 3794 Christo,
1132 3715 1259 3800 singuli

135 3809 242 3864 autem
264 3798 347 3863 aiter
369 3799 504 3864 citerius
524 3799 675 3864 membra.
709 3798 797 3883 Ergo
811 3798 914 3862 nostri
934 3819 998 3870 non
1020 3806 1070 3861 est
1114 3799 1258 3883 ropositi,

136 3881 279 3968 singulas
308 3880 394 3947 illius
422 3903 526 3968 papae
554 3883 726 3946 sententias
753 3903 812 3966 per
843 3890 946 3947 totum
979 3821 1171 3963 descrihere,
1201 3904 1235 3945 se

135 3977 282 4031 tantum³
304 3988 343 4031 ea
366 3987 625 4048 commemorare,
649 3988 730 4052 quae
751 3964 902 4031 videntur
923 3967 1096 4052 praecipue
1126 3963 1257 4051 quidem

1273 1117 1424 1218 1.0op.⁹11,18.

1272 1775 1351 1817 Matth.
1361 1778 1397 1824 22,

1272 1834 1308 1874 tr.
1318 1839 1340 1876 et
1349 1835 1384 1876 89.

1271 2617 1351 2656 Masso.

1272 2676 1354 2727 mm

1268 3538 1334 3580 Rom.
1343 3540 1380 3590 12,

1290 3597 1356 3642 4-5.

137 4157 159 4210 a)
175 4162 249 4199 totum
267 4161 287 4210 1,
304 4159 363 4208 quod
378 4159 421 4197 iam
436 4157 526 4198 Satara.
543 4157 666 4196 emendavit.

139 4323 166 4390 1)
187 4326 334 4392 Gregorius
352 4325 371 4376 l.
387 4339 411 4374 s.
432 4326 455 4384 I,
474 4341 500 4391 p.
521 4323 583 4374 574.
