3116 4822
360 401 411 451 DE
430 399 589 451 UNITATE
608 399 814 453 nocuuslnn
834 401 1111 456 consuevimus.
1266 404 1299 453 51

184 573 237 636 cui
253 578 339 636 certe
355 570 541 635 dictumest
558 587 579 630 a
591 566 733 632 Domino
749 589 821 632 cum
836 569 932 635 Petro
948 569 1108 670 apostolo:
1131 571 1172 637 Si
1185 572 1360 660 diiipisron.
1379 591 1459 644 ram

182 679 240 738 mc,
258 679 361 742 pasce
390 676 462 720 oves
491 674 590 732 meus,
619 652 652 715 id
674 661 723 717 est
743 652 794 716 fao
815 676 875 740 pro
895 652 1057 737 iratribus,
1081 655 1167 741 quod
1188 665 1301 742 prote

180 739 252 823 feci,
285 741 344 890 gui
376 758 487 803 omnes
520 736 677 820 sanguine
706 758 778 801 meo
799 739 936 821 redemi3
966 760 1042 888 erpo
1069 761 1142 803 cum
1171 741 1300 805 misere·

180 834 269 890 retur
313 823 432 890 hristus
448 818 564 885 ovibus
581 820 659 900 suis,
681 821 798 918 quibus
819 822 922 887 noluit
936 822 991 887 Hil
1015 824 1128 908 ebrani
1145 826 1300 908 misereri,

178 909 298 976 relictis
321 909 378 990 eis,
409 907 493 1055 fuzit
512 905 547 968 in
568 903 768 981 Traiamum,
791 928 873 992 quae
896 907 1017 972 scilicet
1037 909 1173 974 munitio
1195 909 1302 974 hacte-

178 1017 241 1060 nus
263 994 340 1059 inex
364 1014 450 1078 ugna
474 987 525 1054 ilis
548 987 636 1053 dicta
657 998 715 1071 est,
737 989 792 1054 vul
817 990 966 1056 odomus
982 991 1186 1058 Theoderici.
1216 993 1301 1058 Tum

178 1077 313 1226 puidam
333 1014 480 1142 liomana
502 1071 638 1170 ecelesia
660 1071 755 1171 elegit
822 1075 992 1162 igberdum
1015 1098 1233 1142 successorem
1254 1074 1415 1173 illiciis

192 1162 327 1243 nitiva,
356 1183 431 1226 cum
459 1166 546 1224 certe
575 1179 740 1244 pnncrpes
767 1179 833 1223 non
862 1161 925 1228 sint
945 1162 1053 1226 timori
1082 1161 1160 1228 boni
1181 1162 1299 1248 operis,
1372 1162 1378 1173 ’
1418 1162 1423 1173 “

180 1186 239 1312 sed
274 1243 367 1328 mali,
404 1245 487 1310 sicut
522 1241 641 1306 dicitur
667 1262 688 1304 a
723 1242 825 1308 Paulo
860 1245 1016 1331 apostolo
1081 1246 1165 1310 Tum
1200 1248 1450 1316 etiamnomse.

180 1353 239 1397 rex
267 1329 429 1396 ordinatus
459 1337 508 1392 est
533 1327 708 1424 imperator
735 1326 777 1391 ab
805 1327 918 1394 eodem
944 1352 1032 1429 papa
1053 1329 1227 1414 Clemente,
1257 1353 1300 1396 ex
1308 1352 1422 1394 naam.

180 1436 244 1503 qua
265 1414 434 1480 amborum
456 1410 656 1477 ordinatione
700 1411 851 1498 raecipue
877 1415 1013 1500 insigms
1040 1425 1088 1480 est
1112 1436 1215 1480 annus
1244 1416 1300 1502 qui

177 1512 255 1565 tunc
277 1508 347 1563 erat
368 1499 409 1563 ab
431 1496 651 1562 incarnatione
709 1497 808 1560 omini
832 1499 923 1563 1084.
968 1497 1035 1564 Sed
1061 1509 1136 1585 post
1156 1497 1299 1586 aliquan·

177 1594 246 1650 tum
279 1583 434 1670 temporis
466 1581 593 1666 fugiens
626 1599 755 1664 quoque
783 1580 978 1648 Hildebrant
1011 1606 1054 1649 ex
1085 1581 1140 1647 illa
1173 1606 1237 1670 qua
1266 1607 1301 1648 se

178 1667 396 1734 occultaverat
409 1667 598 1746 munitione,
621 1661 791 1728 Salernum
805 1667 899 1750 petiit
919 1667 1030 1755 ibique
1047 1669 1146 1734 vitam
1161 1667 1300 1732 finivit1.

178 1753 283 1839 Igitur
304 1762 412 1818 utrum
434 1753 476 1816 sit
496 1759 607 1838 pastor
626 1769 677 1822 ,an
698 1752 947 1834 mercennarius,
970 1753 1122 1838 cognosci
1142 1752 1301 1818 veraciter

178 1859 243 1902 non
253 1845 371 1924 potest,
383 1837 410 1899 si
422 1835 550 1901 occasio
561 1832 765 1896 necessitatis
777 1832 877 1900 deest.
895 1835 990 1901 Unde
1002 1846 1132 1902 sanctus
1139 1835 1300 1922 Leopapa

178 1922 322 1987 scribens
332 1942 391 2007 per
401 1919 570 1984 Rusticum
580 1915 824 1981 Narbonensem
837 1919 1027 2006 episcopum
1038 1922 1152 1986 ceteris
1164 1921 1300 2005 pastori·

178 2006 239 2072 bus
251 2004 407 2070 ecclesiae
418 2003 548 2083 Christi,
559 1998 729 2066 ostendens
740 2001 868 2088 seriptis
903 2005 999 2070 ariter
1014 2013 1116 2070 etexe
1173 2005 1223 2086 lis,
1235 2026 1300 2070 non

179 2090 297 2156 debere
320 2088 503 2154 sacerdotes
521 2085 587 2150 Dei
601 2083 674 2148 ullis
689 2026 947 2154 tribulatiomlms
969 2087 1021 2154 vel
1036 2026 1195 2155 scandalis
1209 2087 1298 2152 infir·

179 2175 270 2255 mari,
293 2195 358 2260 quo
374 2173 541 2238 discedant
559 2191 580 2232 a
594 2189 672 2233 cura
691 2170 859 2255 pastorali3
881 2195 957 2237 nam
976 2175 1047 2322 ipse
1064 2173 1182 2258 dignus
1203 2171 1299 2259 plene

177 2259 317 2325 vicarius
326 2259 414 2322 Petri
421 2255 558 2344 apostoli
567 2263 598 2320 et
604 2275 701 2318 verus
707 2255 848 2321 imitator
855 2257 993 2322 essentia
1005 2259 1065 2324 iter
1072 2257 1149 2322 boni
1160 2257 1298 2344 pastoris

179 2366 245 2409 non
257 2343 364 2408 timuit
381 2363 549 2407 occurrere
559 2337 611 2404 vel
624 2337 824 2406 Geisiricore
848 2339 1298 2408 iWandalorumvelAttslae

178 2429 247 2512 regi
258 2425 462 2508 Hunnorum,
474 2422 690 2490 infestissimis
705 2423 828 2490 scilicet
861 2428 983 2493 ostibus
994 2427 1149 2493 ecclesiae
1161 2425 1256 2492 simul
1267 2435 1299 2490 et

181 2513 228 2578 rei
261 2509 398 2591 ublicae3
409 2532 448 2575 ac
458 2507 592 2596 perinde
607 2505 719 2572 scribit
730 2509 815 2574 idem
827 2509 893 2575 Leo
905 2512 989 2576 inter
999 2521 1105 2576 cetera
1115 2511 1298 2598 pastoribus

179 2535 349 2661 ecclisiae:
386 2610 497 2663 Dicente
515 2625 585 2673 uero,
603 2591 738 2676 ianli²‚
762 2607 885 2660 Domino:
900 2611 1017 2674 ‘Beatus
1034 2610 1080 2676 qui
1088 2594 1437 2694 peraccercceu¹¹⁸²232³i

180 2685 304 2754 usquein
315 2684 416 2752 finem’,
436 2684 507 2735 unde
525 2691 582 2734 erat
601 2681 678 2732 beata
688 2683 895 2746 perseuerantia,
915 2683 969 2734 nisi
981 2684 1014 2735 de
1026 2684 1122 2735 uirtute
1130 2683 1299 2749 patientiae?
1383 2680 1388 2694 '

181 2761 253 2812 Nam
266 2759 411 2812 secundum
424 2756 596 2823 apostolicam
603 2753 833 2820 praedicationem
846 2772 933 2806 omnes
952 2757 999 2822 qui
1011 2755 1141 2808 coluerint
1153 2757 1182 2808 in
1195 2755 1297 2808 Uiristo

176 2835 223 2900 pie
242 2835 331 2885 viuere
344 2831 554 2898 persecutionem
570 2828 718 2894 patientur,
737 2845 806 2893 quae
825 2845 879 2880 non
902 2827 932 2880 in
950 2847 979 2880 eo
998 2835 1101 2881 tantum
1119 2830 1300 2896 computanda

180 2915 227 2972 est,
246 2908 319 2974 quod
343 2912 436 2957 contra
459 2901 630 2954 christianam
645 2900 773 2967 pietatem
797 2907 844 2952 aut
855 2903 934 2970 serre
953 2912 1000 2954 aut
1018 2901 1123 2970 ipnibus
1143 2902 1233 2970 opttus·
1251 2910 1300 2954 aut

180 2981 380 3048 quibuscunque
404 2975 543 3043 suppliciis
550 2994 560 3039 ,·
584 2993 642 3026 cum
662 2983 862 3040 persecutorum
887 2976 1026 3029 saevitiam
1041 2978 1183 3042 sruppieant
1202 2985 1226 3031 et
1244 2977 1298 3030 dis·

180 3052 388 3106 similitudinesa
410 3067 511 3102 ntorum
536 3057 560 3102 et
579 3049 744 3100 contumacia
762 3049 968 3102 inobedientium
987 3059 1011 3103 et
1028 3051 1209 3118 maiipnarum
1226 3052 1299 3104 tesca

180 3127 343 3195 linquanum,
363 3143 422 3177 cum
439 3123 593 3175 huiusmodi
605 3121 840 3188 conflictationibus
859 3124 948 3175 omnia
966 3141 1068 3191 semper
1087 3125 1203 3176 membra
1221 3126 1298 3177 eccla·

180 3201 239 3252 aiae
252 3201 395 3266 pulsentur
422 3205 446 3249 et
469 3198 547 3248 nulla
566 3196 673 3261 piorum
694 3195 783 3260 portio
807 3214 825 3246 a
843 3196 1033 3263 caesflictatione
1051 3197 1085 3248 sit
1104 3196 1196 3250 ibera.
1234 3197 1298 3250 Per·

181 3274 342 3326 manendum
365 3280 402 3324 cst
427 3289 487 3338 erpa
512 3271 541 3321 in
564 3285 641 3335 opere
667 3269 765 3320 credito
791 3270 862 3321 etin
881 3271 971 3322 labare
989 3279 1125 3338 suscept05
1149 3277 1300 3323 constanter

181 3348 295 3400 tenenda
319 3353 356 3398 est
381 3344 485 3395 iustitia
510 3351 534 3396 et
559 3341 668 3408 benipne
682 3343 851 3408 praestanda
875 3343 1020 3396 clementia.
1061 3343 1128 3396 Odia
1150 3344 1300 3396 habeantur

179 3427 298 3487 peccata,
324 3437 378 3471 non
403 3418 536 3480 hominm,-
562 3415 742 3481 corripiantur
768 3416 870 3480 tumidi,
896 3419 1038 3469 tolerentur
1060 3417 1165 3483 infirmi,
1185 3426 1210 3469 et
1228 3418 1300 3484 quod

179 3494 209 3546 in
232 3493 402 3559 peccantibus
428 3491 544 3543 seuerius
569 3487 695 3556 caracam·
719 3506 822 3541 necesse
848 3495 892 3552 est,
921 3509 976 3542 non
1000 3489 1141 3544 saeuientis
1166 3493 1298 3557 plectatur

181 3567 279 3631 anime,
304 3567 352 3618 sed
374 3565 517 3626 neumam·
542 3583 574 3616 ac
603 3563 627 3613 si
649 3562 825 3615 uehementior
849 3562 985 3615 tribulatio
1003 3563 1160 3628 incubuerit,
1186 3581 1241 3616 non
1259 3564 1300 3615 ita

181 3657 397 3706 expavescamus,
422 3638 501 3704 quasi
524 3637 566 3689 illi
587 3636 744 3688 adonaisan·
757 3636 877 3702 propriis
902 3637 1004 3690 uiribus
1023 3637 1176 3702 resistendo,
1196 3654 1256 3690 cum
1274 3647 1299 3690 et

182 3714 320 3765 eonsilium
338 3719 457 3764 nostrum
476 3719 500 3764 et
510 3711 645 3777 fortunato
665 3709 699 3762 sit
718 3709 846 3773 Uiriatus,
868 3728 899 3762 aa
918 3711 975 3762 sine
993 3728 1044 3777 quo
1062 3711 1132 3763 niihil
1144 3728 1297 3778 possumus,

176 3803 228 3853 per
253 3787 341 3853 r'psum
365 3791 459 3837 cuncta
479 3785 623 3850 possimus,
648 3783 695 3848 qui
719 3784 877 3850 confirmans
896 3785 1098 3850 praedicatores
1125 3783 1257 3852 euanpelii
1275 3793 1298 3835 et

180 3866 407 3912 sacramentorum
430 3857 577 3908 ministros:
607 3856 684 3908 ‘Eece
705 3856 773 3924 eqo',
798 3855 892 3923 iuquit,
920 3859 1059 3911 ‘nobiseum
1088 3876 1146 3911 sum
1178 3857 1298 3910 omnibus

180 3932 273 3986 diebus
299 3949 382 3999 usque
407 3932 444 3982 ad
468 3927 716 3982 consummationem
740 3928 859 3982 saeculi.
896 3931 932 3983 Et
949 3933 1058 3984 iterum:
1082 3930 1182 4000 ‘Haec’‚
1202 3929 1296 3997 inquit,
1307 3925 1388 4025 ³⁸²3·
1398 3926 1438 3978 2⁸2

181 4142 204 4195 s)
219 4145 261 4186 ssd
277 4149 301 4184 et
316 4143 529 4185 dissimilitudinem
545 4167 662 4184 ......
679 4142 731 4182 tells
748 4145 775 4191 13
790 4143 827 4182 sed
842 4143 893 4183 haee
908 4153 956 4183 cum
969 4143 1075 4184 sententia
1091 4143 1132 4182 leet
1143 4146 1252 4192 peccam.

184 4306 211 4369 1)
230 4304 365 4429 ditm,
385 4305 428 4355 25.
448 4305 513 4356 Mai.
588 4304 617 4369 2)
636 4303 735 4356 Leonis
755 4301 870 4370 epistula
888 4303 923 4354 ad
944 4305 1020 4356 Rust.
1039 4305 1131 4372 Narb„
1152 4303 1298 4356 Hinschins

183 4395 211 4446 p.
287 4415 295 4430 .

1026 4460 1067 4511 4*
