3114 4814
288 339 340 390 104
474 342 525 393 DE
543 337 702 392 UNITATE
721 337 926 392 neocastri:
947 337 1223 392 CONSERVANDA.

287 530 430 594 unquam
445 517 558 594 sponte
580 529 639 572 sua
653 529 761 592 regem
782 505 982 571 Henrichum
996 507 1107 572 videre
1129 505 1181 572 vel
1201 504 1330 591 alloqui.
1361 507 1406 571 At

288 594 470 678 imperator,
489 591 602 657 leviter
622 591 727 656 ferens
749 599 970 676 contemptum
992 613 1094 670 suum,
1117 613 1191 655 cum
1205 589 1338 655 haberet
1358 601 1406 655 ut·

288 687 363 826 pote
385 678 531 742 minister
551 675 616 742 Dei
636 674 797 764 vindicem
819 676 853 738 in
874 677 990 762 impios
1018 675 1171 760 gladium,
1199 674 1301 739 noluit
1323 676 1405 739 occi-

312 784 365 826 ere
388 783 582 848 quemquam
603 763 791 841 noxiorum,
821 760 878 824 sed
900 781 973 823 curn
996 782 1035 824 ca
1060 759 1154 824 ienda
1175 769 1260 824 esset
1282 761 1405 842 civitas,

288 855 373 911 non⁸
394 845 497 910 solum
519 845 640 910 dimisit
661 845 836 930 impunitos
857 843 966 908 hostes
988 783 1141 910 ecclesiae
1169 852 1201 908 et
1227 844 1405 909 desertores

288 929 421 995 militiae
450 951 537 1010 suae,
565 951 677 994 verum
711 930 806 992 etiam
838 929 946 1014 ipsum
977 928 1223 1010 Adalberonem,
1257 939 1289 992 et
1318 927 1405 1016 quod

289 1037 364 1080 cum
394 1036 432 1079 eo
461 1023 530 1079 erat
556 1014 753 1100 praesidium
775 1011 926 1095 hostium,
948 1013 1065 1078 milites
1087 1011 1210 1078 scilicet
1231 1015 1279 1076 rei
1325 1013 1406 1078 ubli-

289 1121 355 1180 cae,
378 1099 534 1186 permisit,
557 1099 729 1162 comitante
751 1119 810 1160 suo
832 1119 959 1184 quoque
981 1097 1110 1178 ducatu,
1134 1119 1264 1163 securos
1285 1036 1405 1164 ahirot

288 1182 386 1248 Modo
413 1183 509 1248 fuerit
536 1183 711 1282 imperator
738 1202 857 1263 errans,
886 1181 987 1266 qualis
1016 1204 1082 1246 non
1108 1192 1309 1268 potestesse
1337 1184 1406 1248 sine

288 1289 392 1354 poena
420 1266 655 1331 ecclesiasticae
685 1267 1040 1348 excommunicationis,
1069 1288 1141 1330 cum
1169 1267 1261 1331 iuxta
1284 1277 1406 1333 senten-

288 1353 366 1416 tiam
389 1352 491 1416 sancti
511 1373 616 1450 papae
633 1348 773 1415 Gelasii²
796 1347 967 1414 moliantur
988 1351 1085 1415 fidem
1108 1349 1295 1415 catholicam
1318 1374 1406 1417 ever-

289 1445 356 1500 tere
384 1458 443 1522 per
465 1455 667 1499 occasionem
688 1434 797 1518 regiae
819 1431 871 1497 alli
895 1435 1021 1516 ationis,
1045 1436 1101 1520 qui
1123 1435 1253 1500 student
1275 1435 1406 1501 obviare

290 1520 554 1605 dispositionibus
576 1517 725 1604 publicis.
760 1516 842 1582 Sed:
868 1457 1000 1584 doricas
1015 1523 1158 1605 cooperit
1170 1521 1407 1586 multitudinem

143 1614 504 1689 asemaspeccatoram,
528 1604 612 1668 sicut
631 1602 711 1667 dicit
730 1601 892 1666 Dominus
913 1626 972 1688 per
993 1603 1175 1690 apostolum
1197 1627 1301 1687 suum,
1330 1606 1408 1668 cari-

289 1697 388 1752 tatem
403 1697 511 1752 autem
525 1688 700 1774 imperator
712 1685 862 1751 hostibus
878 1708 1006 1774 quoque
1021 1691 1087 1753 suis
1103 1688 1259 1770 exhibuit,
1300 1690 1408 1755 uando

290 1773 324 1835 in
339 1793 419 1859 pace
434 1793 488 1836 eos
503 1772 592 1837 abire
606 1771 759 1872 permisit.
794 1769 887 1835 Sicut
901 1773 986 1835 enirn
1002 1773 1114 1838 scribit
1127 1781 1256 1837 sanctus
1273 1711 1408 1861 dypria-

290 1878 350 1921 nus
365 1857 538 1943 episcopus
551 1859 586 1922 in
598 1855 681 1921 l1bro
701 1854 741 1921 de
756 1855 944 1940 patientiae
968 1871 1071 1924 Caritas
1077 1873 1260 1938 fraternitatis
1273 1874 1408 1924 circatam

291 1956 336 2011 est,
355 1947 564 2014 fundamentum
584 1947 672 2014 pacis,
692 1946 820 1997 tenacitas
847 1963 878 1997 aa
895 1945 1013 2012 fimitas
1038 1946 1157 2010 unitatis,
1183 1963 1251 2011 quae
1276 1954 1300 1997 ct
1319 1963 1364 2012 spe
1383 1955 1408 1999 et

283 2022 341 2088 fids
368 2021 454 2072 maiar
477 2029 522 2084 est,
551 2038 619 2086 quae
648 2028 672 2072 et
695 2036 777 2084 opera
800 2036 832 2069 aa
855 2020 985 2085 martyria
1005 2018 1151 2084 praecedit,
1181 2035 1249 2085 qaae
1273 2019 1408 2072 molismum

290 2121 392 2170 semper
415 2112 524 2156 aeterra
551 2102 579 2154 ia
605 2099 757 2183 caelestibus
781 2099 870 2169 repais
893 2103 1067 2166 permanebit.
1105 2087 1150 2150 Et
1180 2096 1255 2171 post
1283 2087 1407 2172 aliqua:

289 2184 332 2237 De
350 2185 394 2235 ira
412 2186 478 2252 qaid
496 2184 592 2247 dicam,
611 2171 724 2255 inquld,
747 2189 771 2234 et
783 2184 817 2234 de
829 2182 965 2234 discordia
984 2185 1056 2236 etde
1075 2180 1272 2249 simulatiomeb,
1292 2204 1360 2252 qaae
1378 2189 1408 2238 ia

290 2257 434 2310 christiaco
458 2275 513 2310 esse
535 2275 588 2309 aare
607 2257 720 2310 debeat?
749 2255 926 2321 Ineapialilis
945 2265 970 2308 et
986 2256 1078 2324 pravis
1096 2259 1176 2324 calpm
1195 2259 1344 2312 discordiae
1361 2279 1411 2314 mcc

285 2331 412 2396 passione
429 2339 571 2398 parparus,
592 2340 616 2384 et
634 2332 658 2384 si
676 2330 810 2383 discordes
831 2327 909 2380 etiam
928 2329 1006 2381 occisi
1016 2331 1132 2397 fuerint,
1158 2334 1265 2384 macula
1287 2332 1340 2384 ista
1361 2352 1409 2387 aec

290 2413 420 2480 scarpariae
436 2412 562 2464 abluitur.
593 2412 650 2463 Nos
669 2429 739 2477 aero,
756 2397 890 2482 inquii4,
910 2413 1055 2464 meminisse
1068 2413 1199 2477 dehemus,
1218 2432 1269 2480 qao
1282 2415 1409 2469 vocabalo

285 2487 389 2553 plebem
408 2503 485 2537 suam
505 2485 622 2538 Christus
642 2487 764 2554 oppetes,
785 2503 835 2552 qao
854 2486 928 2536 titulo
945 2503 1050 2554 prepem
1068 2504 1145 2538 saum
1164 2495 1305 2554 marcemici.
1341 2488 1408 2542 Oves

290 2560 417 2624 nominat,
437 2566 467 2610 at
484 2559 636 2612 innocentia
654 2558 802 2612 christiana
814 2560 905 2612 ouibus
920 2567 1054 2626 aequetur,
1074 2577 1157 2628 apuos
1175 2567 1260 2624 vocat,
1280 2571 1309 2612 at
1328 2581 1409 2630 apaa-

290 2651 351 2684 rum
374 2639 501 2685 maturam
525 2633 667 2700 simplicem
690 2633 845 2700 simplicitas
869 2631 962 2684 mestis
988 2633 1111 2686 imitetur.
1151 2632 1222 2695 Quid
1246 2635 1294 2686 sall
1313 2637 1409 2688 vestitu

292 2707 379 2758 oriam
404 2708 484 2773 lapus
510 2708 604 2770 latitat,
629 2705 695 2773 quid
719 2723 822 2775 prepem
850 2706 947 2758 Clu-isti
970 2708 1017 2772 qui
1042 2724 1069 2759 sc
1094 2705 1266 2758 christianam
1286 2710 1411 2760 mentitur

290 2780 425 2847 infamati
462 2780 559 2832 Ohristi
576 2797 671 2832 nomen
689 2781 801 2832 iuduere
820 2787 844 2832 et
862 2797 916 2830 nors
929 2797 982 2846 per
1001 2779 1098 2831 Obristi
1115 2780 1188 2833 aiam
1202 2797 1323 2848 perpere,
1341 2783 1407 2849 quid

291 2855 368 2906 aliud
380 2861 425 2918 cst,
442 2871 523 2920 qaam
533 2854 733 2920 praevaricatio
746 2852 833 2905 divini
849 2853 972 2917 nomimis,
991 2871 1070 2919 qaam
1089 2853 1199 2905 desertio
1219 2855 1322 2906 itineris
1335 2857 1408 2908 salu·

290 2926 377 2978 toris?
396 2929 503 2993 quando
523 2928 578 2994 ipse
606 2935 708 2979 moueat
727 2934 751 2978 et
769 2926 850 2990 dicat,
870 2943 928 2978 eam
948 2942 1001 2978 esse
1021 2924 1173 2992 sapientem,
1192 2927 1239 2994 qai
1257 2929 1338 2980 rerba
1355 2929 1410 2982 Dei

292 3008 409 3060 audieris
428 3009 568 3074 olfecerit.
606 2993 714 3079 Atque
741 2995 775 3056 in
803 2992 885 3058 libro
907 2992 947 3058 de
969 2995 1090 3058 unitate
1113 2993 1287 3058 catholicae
1310 2996 1410 3062 eccle·

291 3077 357 3140 siae
378 3075 465 3140 idem
487 3076 670 3162 Cyprianus
693 3078 898 3162 episcopus³t
924 3089 990 3157 Opto
1010 3093 1138 3158 equidem,
1157 3079 1271 3166 inquit,
1294 3095 1408 3148 diuam·

290 3163 351 3218 simi
367 3165 482 3232 fratres,
502 3172 526 3218 et
545 3167 651 3218 causalo
670 3168 777 3234 pariter
802 3175 826 3218 et
851 3166 961 3228 suadeo,
989 3173 1026 3226 at,
1045 3164 1069 3216 si
1085 3165 1150 3232 fieri
1162 3176 1258 3234 potest,
1282 3187 1356 3221 acmo
1376 3170 1409 3222 de

283 3239 421 3306 fratribus
436 3245 539 3304 pereat,
558 3246 583 3293 et
595 3240 778 3293 consentientis
789 3239 887 3306 populi
902 3254 997 3304 corpus
1017 3256 1100 3290 uuum
1110 3243 1209 3307 persio
1228 3260 1276 3294 sao
1286 3245 1408 3310 pandens

291 3319 375 3364 mater
403 3312 532 3364 includat.
571 3312 603 3365 Si
630 3323 717 3365 tamea
745 3315 875 3380 quasdam
902 3312 1052 3364 scismatum
1077 3313 1156 3366 disces
1184 3324 1208 3368 et
1237 3315 1408 3368 dissensionis

292 3395 411 3438 auctores
436 3385 465 3438 im
492 3403 572 3438 caeca
595 3394 619 3438 et
641 3387 774 3439 obstinata
798 3385 930 3438 dementia
947 3396 1133 3452 permanentes
1155 3406 1209 3440 aaa
1228 3390 1348 3455 potuerit
1371 3391 1409 3442 ad

291 3459 385 3512 salutis
412 3458 485 3513 aiam
514 3460 652 3512 consilium
675 3460 781 3512 salubre
807 3476 940 3522 revocare,
966 3460 1043 3512 ceteri
1066 3467 1153 3513 tamem
1178 3463 1221 3514 vel
1244 3463 1409 3528 simplicitate

291 3533 362 3598 capti
379 3534 423 3586 ael
441 3551 529 3586 errare
547 3533 650 3586 inducti
668 3536 709 3586 rel
728 3535 820 3598 aliqua
831 3531 956 3598 fallentis
976 3533 1090 3585 astutiae
1108 3535 1252 3587 calliditate
1268 3537 1369 3603 decepti
1391 3553 1409 3588 a

282 3605 416 3672 fallaciae
439 3624 486 3659 aas
510 3607 612 3674 laqueis
636 3607 734 3670 soluite,
759 3611 908 3674 aapaates⁰
931 3623 1037 3674 prosam
1067 3608 1100 3658 ab
1129 3609 1262 3660 erroribus
1290 3611 1407 3674 liberate,

132 3678 341 3738 crassantes
358 3686 457 3730 reatum
475 3680 535 3732 viae
554 3681 671 3733 caelestis
690 3681 829 3747 appossita.
861 3678 1034 3732 Contestaatis
1048 3681 1160 3747 apostoli
1177 3699 1230 3735 aas
1243 3691 1294 3734 est:
1316 3683 1409 3736 ‘Prae-

292 3752 402 3817 cipimus
425 3751 516 3817 solid,
541 3754 634 3820 inquit,
661 3751 698 3804 ‘im
721 3753 825 3805 nomime
846 3753 947 3805 damini
964 3754 1029 3806 Iesu
1048 3753 1153 3819 Christi,
1177 3764 1208 3806 at
1226 3757 1355 3808 recedatis
1374 3757 1408 3808 ab

292 3824 412 3876 omuibus
423 3825 560 3892 fratribus
579 3826 775 3878 arnbulaatibus
793 3827 945 3878 inordinate
966 3836 989 3879 et
1007 3845 1061 3879 mam
1073 3830 1217 3880 secumdam
1230 3831 1407 3895 traditionem,

293 3969 315 4022 a)
324 3971 372 4070 :nep
389 3973 414 4070 16?
429 3971 479 4012 berse
494 3973 611 4013 emendavit
626 3971 714 4014 Satara.
789 3971 813 4024 b)
830 3974 947 4016 simultate
963 3975 1024 4025 capr.
1093 3974 1114 4027 c)
1130 3979 1253 4025 vasantem
1270 3978 1297 4027 15
1318 3975 1407 4017 Satara.

292 4041 323 4070 em
365 4041 417 4073 ao.

294 4153 323 4221 1)
353 4154 393 4206 (li.
421 4153 537 4204 Mariani
567 4154 643 4208 Gont.
669 4155 707 4206 II.
736 4155 754 4206 l.
779 4172 801 4206 c.
832 4173 858 4224 p.
879 4155 947 4219 5643
976 4155 1082 4206 Ekkeh.
1113 4155 1175 4207 Chr.
1203 4155 1222 4208 l.
1243 4173 1266 4209 c.
1295 4175 1322 4225 p.
1345 4155 1408 4207 207.

294 4229 321 4292 2)
346 4227 388 4279 Oi.
407 4227 484 4279 Thisl
509 4245 535 4295 p.
553 4228 615 4280 341.
689 4231 717 4294 3)
741 4229 869 4297 Cypriani
888 4231 978 4296 Opera
1002 4246 1029 4294 p.
1050 4229 1214 4283 tor-409.
1289 4232 1317 4291 4)
1337 4229 1412 4280 Ibid.

293 4317 319 4370 p.
338 4301 401 4352 427.
477 4300 504 4366 b)
524 4302 593 4356 Ibid.
613 4320 639 4370 p.
660 4302 721 4356 280.
1402 4349 1404 4356 .
