3114 4814
286 406 323 459 88
471 406 522 457 DE
541 404 701 456 UNITATE
723 403 927 455 sconsam}
949 401 1225 454 OONSERVANDA.

284 581 335 648 qai
347 577 495 643 christiani,
514 577 637 630 catholici
653 577 697 630 acl
708 576 849 629 orthodoci
860 575 1041 640 nominantur,
1060 575 1089 626 id
1102 582 1140 628 cst
1153 574 1313 644 iatcpritatis
1326 582 1415 626 casto·

287 654 335 707 dea
360 661 385 704 et
408 659 482 704 recta
506 659 643 706 sectantes.
680 649 757 701 Haec
781 650 850 702 caim
876 650 984 702 ccclesia
1009 649 1140 700 catholica
1154 665 1206 714 per
1224 656 1306 700 totam
1324 649 1415 702 orbem

287 724 379 778 aalide
403 725 507 793 lateque
531 724 633 791 diffusa
658 723 744 774 alitur
768 723 805 774 ad
825 724 963 790 profectas
989 739 1051 774 suos
1080 722 1200 774 omnibus
1229 722 1380 774 errantibus
1388 727 1415 786 θ,

287 807 411 860 accam
430 807 548 876 spiritus
567 804 652 858 sacca
665 805 770 858 coacte
789 803 962 858 stromateas.
991 791 1124 854 Praeter
1138 789 1221 852 hanc
1242 788 1415 856 ecclesiam

288 877 473 963 quicunque
494 884 553 956 est,
576 873 733 960 Spiritum
755 881 903 936 sanctum
925 873 1037 960 utique
1057 895 1124 938 non
1145 871 1253 954 habet,
1274 873 1414 961 ideoque

287 982 349 1046 per
375 981 512 1046 pravam
538 979 652 1022 manus
681 957 921 1044 impositionem
948 956 1111 1023 damnatio
1139 958 1170 1022 ei
1192 957 1333 1041 offertur,
1356 958 1415 1045 qui

288 1045 411 1132 absque
438 1043 522 1109 dono
546 1042 686 1128 Spiritus
708 1042 811 1106 sancti
838 1041 1013 1106 ordinatur.
1057 1041 1154 1122 Quod
1174 1042 1210 1106 in
1230 1063 1330 1127 supra
1347 1065 1414 1106 me-

288 1137 485 1194 moratorum
508 1147 636 1213 quoque
658 1126 896 1212 episcoporum,
925 1133 1047 1190 utnon
1069 1127 1176 1190 dicam
1200 1127 1414 1191 consecratio-

288 1212 397 1294 nibus,
427 1211 484 1276 sed
512 1209 771 1276 execrationibus
797 1209 918 1273 laetum
941 1231 1011 1275 esse
1033 1210 1198 1308 probatur,
1225 1213 1280 1296 qui
1303 1220 1417 1276 contra

290 1317 400 1362 sacros
415 1316 554 1360 canones
577 1294 693 1378 spiritu
707 1293 771 1359 Dei
790 1292 935 1357 conditos
956 1295 990 1356 in
1005 1293 1118 1358 ahenis
1133 1294 1313 1381 parrochiis
1329 1294 1416 1359 ordi·

289 1381 438 1445 nationes
467 1377 719 1459 celebraverunt,
748 1377 805 1462 qui
832 1377 929 1442 etiam
957 1386 1069 1441 contra
1098 1401 1288 1445 consensum
1318 1377 1416 1444 simul

290 1473 323 1530 et
349 1473 462 1528 contra
490 1459 694 1546 disciplinam
722 1460 898 1526 catholicae
925 1461 1081 1526 ecclesiae
1102 1465 1233 1548 privata
1252 1464 1315 1530 sibi
1337 1485 1412 1528 con-

289 1546 452 1613 venticula
472 1547 720 1625 constituerunt,
742 1543 885 1630 qualium
901 1555 986 1610 certe
1001 1547 1226 1613 conventicula
1247 1551 1315 1615 sive
1331 1547 1414 1612 ordi-

289 1631 437 1698 nationes
463 1627 629 1694 damnavit
659 1651 786 1714 semper
817 1637 914 1714 atque
947 1629 1113 1695 damnabit
1143 1633 1246 1697 omnis
1279 1631 1417 1697 ecclesia

291 1722 487 1795 sanctorum,
500 1736 542 1778 ne
555 1711 739 1798 praevaleat
752 1712 906 1778 adversus
921 1735 993 1777 eam
1007 1737 1082 1800 pars
1096 1717 1290 1802 iniquorum.
1319 1716 1415 1782 Unde

292 1800 390 1865 etlam
413 1797 598 1863 Gelaslus¹t
629 1811 708 1873 Quod
725 1811 924 1878 incessabiliter,
949 1799 1063 1884 inquit,
1085 1815 1256 1881 repetendam
1275 1821 1321 1879 cst,
1346 1815 1415 1867 aaut

284 1890 396 1958 fimum
415 1904 470 1940 esse
487 1887 580 1938 audac
599 1885 707 1952 ambipit
720 1885 890 1951 christianas,
910 1904 999 1939 ornnes
1012 1886 1158 1954 complices,
1179 1896 1327 1953 sectatores,
1346 1906 1416 1940 com·

291 1964 468 2014 morsicatores
481 1963 626 2013 damnatas
644 1961 723 2010 semel
736 1961 883 2026 pravitatis
898 1961 966 2026 pari
980 1967 1048 2014 corte
1064 1959 1172 2026 censeri,
1190 1960 1230 2012 ita
1246 1979 1352 2014 aoasors
1366 1963 1416 2014 erit

292 2044 317 2090 et
324 2051 430 2102 poenae
440 2033 559 2101 quisquis
572 2033 802 2086 camaraaicaaerit
816 2031 898 2084 alicui
910 2034 1148 2088 ecclesiasticarum
1158 2036 1314 2102 reputarem
1327 2044 1415 2088 traus-

290 2100 696 2269 tsftsdtlttuttt
723 2099 1117 2269 {libiloribflubiibl
1143 2102 1417 2272 ξῗέἔὲξῗᾚὲῗ

292 2205 508 2354 parroclriam,
530 2277 567 2331 ut
579 2266 627 2330 ibi
642 2265 792 2352 disponat
805 2268 857 2332 vel
872 2269 998 2334 ordinet
1019 2269 1211 2334 autiudicat
1226 2272 1416 2358 quicquam;

293 2353 343 2416 sin
374 2350 467 2416 aliter
496 2353 757 2498 praesumpserit,
790 2351 1004 2434 damnabitur,
1031 2356 1115 2420 sicut
1148 2352 1298 2420 Callistus
1330 2376 1416 2442 papa

293 2434 407 2500 scribit
421 2444 453 2500 et
467 2436 570 2500 omnis
585 2456 642 2500 ecc
656 2435 725 2498 ssia
739 2446 923 2501 sanctorum
938 2439 1104 2504 consentit.
1136 2438 1233 2520 Quod
1248 2447 1279 2504 et
1293 2439 1416 2504 factum

293 2527 341 2586 est
369 2516 410 2583 de
439 2519 597 2604 Hartvigo
625 2519 919 2604 Magadaburgensi
945 2523 1109 2609 episcopo,
1137 2525 1213 2609 quia
1240 2523 1416 2608 Sigiwinus

293 2601 494 2689 Coloniensis
510 2625 527 2668 e
551 2605 683 2690 iscopus
698 2602 863 2670 damnavit
877 2628 961 2687 eum,
978 2607 1196 2672 consentiente
1210 2608 1245 2670 in
1259 2609 1292 2672 id
1308 2610 1416 2695 ipsum

243 2759 245 2761 ,
293 2626 612 2774 comprovincialium
624 2688 852 2775 episcoporum
867 2689 997 2772 iudicio,
1018 2703 1190 2778 postquam
1212 2691 1416 2757 nullomodo

292 2774 401 2859 potuit
420 2773 539 2838 adduci
570 2782 607 2838 ut
621 2773 805 2839 satisfacere
819 2772 917 2838 vellet
938 2773 1093 2841 ecclesiae
1138 2797 1174 2839 ro
1196 2777 1315 2840 iniusta
1333 2775 1417 2841 ordi-

292 2857 421 2922 natione
436 2823 605 2921 cuiusdam
619 2857 820 3004 Reffnhardi
841 2858 874 2921 in
890 2859 1079 2946 episcopatu
1129 2858 1254 2924 indensi
1265 2873 1286 2931 ²,
1319 2860 1417 2926 Prae-

292 2941 446 3006 tendebat
466 2949 575 3005 autem
597 2937 651 3003 ille
700 2942 845 3026 artvigus
860 2951 1050 3027 potestatem
1072 2945 1121 3008 sui
1139 2944 1288 3029 Gregorii
1302 2965 1417 3031 papae,

293 3046 358 3110 qua
379 3023 475 3088 talem
496 3023 560 3088 sibi
580 3032 691 3108 posset
709 3024 886 3090 concedere
909 3025 1142 3093 ordinationem
1164 3029 1257 3092 iuxta
1278 3031 1416 3094 auctori-

292 3116 391 3172 tatem
421 3108 506 3172 sedis
533 3129 553 3170 a
577 3105 739 3190 ostolieae,
763 3108 901 3196 ideoque
930 3111 992 3176 sibi
1021 3133 1118 3178 curae
1139 3133 1205 3176 non
1227 3135 1297 3180 esse
1319 3135 1419 3199 super

292 3190 474 3277 aliquorum
510 3129 574 3257 vel
593 3193 763 3256 vocatione
795 3193 847 3259 vel
883 3194 1097 3261 damnatione.
1155 3197 1241 3262 Ecce
1280 3199 1418 3284 apponit

293 3284 465 3362 peecatum
482 3297 578 3360 super
599 3285 767 3361 peccatum
789 3288 821 3342 et
840 3279 943 3344 iustae
965 3280 1163 3346 damnationi
1184 3281 1276 3346 addit
1296 3282 1418 3367 pariter

293 3358 529 3426 ecclesiasticae
551 3361 730 3425 vocationis
753 3371 786 3426 et
804 3361 961 3448 regularis
981 3363 1171 3448 disciplinae
1185 3376 1428 3454 contemptum„

291 3423 397 3592 {pitui
422 3452 550 3530 praeter
577 3443 664 3508 illam
683 3445 920 3512 damnationem
943 3447 1113 3513 damnatus
1138 3458 1189 3514 est
1209 3451 1306 3514 etiam
1327 3451 1417 3516 idem

327 3529 470 3614 artvigus
499 3549 574 3592 cum
603 3529 717 3594 ceteris
744 3533 969 3616 suprascriptis
996 3533 1158 3618 episcopis
1179 3534 1213 3595 in
1235 3535 1417 3618 Mogontia·

294 3613 384 3676 censi
406 3610 542 3698 synodo,
571 3610 700 3678 iubente
722 3614 756 3678 id
785 3615 855 3679 fieri
883 3615 1060 3700 apostolica
1085 3617 1171 3698 sede,
1198 3639 1270 3680 cum
1295 3615 1418 3682 nollent

292 3696 412 3762 reverti
433 3695 476 3760 ad
497 3717 612 3780 pacem
634 3705 665 3761 et
686 3697 892 3762 concordiam
914 3699 1091 3766 catholicae
1113 3699 1277 3766 ecclesiae.

294 3901 318 3958 a)
333 3906 365 3945 ita
381 3903 453 3956 Acar
469 3905 588 3946 orantibus
605 3907 625 3949 1.

296 4063 325 4131 1)
355 4065 396 4119 cr.
416 4065 495 4116 reru
514 4083 541 4133 p.
560 4066 622 4117 424.
699 4066 729 4134 s)
752 4068 793 4120 cf.
814 4041 838 4121 ε.
859 4070 903 4132 aa,
930 4089 956 4138 p.
977 4071 1021 4123 84.
1061 4071 1128 4122 eum
1148 4071 1242 4122 usura
1261 4073 1418 4140 provinciae

296 4138 452 4192 Coloniensi
471 4139 609 4207 adscripta
628 4146 708 4202 essct,
727 4142 860 4209 Hartvigo
879 4160 932 4194 non
950 4145 1034 4209 licuit,
1054 4147 1082 4195 in
1103 4145 1263 4212 episcopatu
1281 4147 1419 4198 Mindensi

295 4214 441 4279 quicquam
455 4215 626 4278 constituere,
638 4217 691 4266 nisi
708 4222 800 4266 contra
813 4217 903 4282 legem
920 4218 1030 4269 Decret.
1047 4218 1263 4284 Pseudoisidor.:
1283 4225 1313 4269 at
1324 4219 1419 4270 acilus

295 4285 408 4408 αἰέιονὶιιε
426 4285 549 4340 terminos
567 4295 677 4354 unumst
694 4305 743 4341 aec
750 4290 924 4355 parrochiam
942 4289 1041 4343 iudicet
1054 4297 1101 4342 aat
1113 4293 1318 4345 recommunicet
1337 4307 1423 4360 agere

293 4373 329 4409 vo
342 4361 390 4410 uit.
