<?xml version="1.0" encoding="UTF-8"?>
<!DOCTYPE html PUBLIC "-//W3C//DTD XHTML 1.0 Transitional//EN"
    "http://www.w3.org/TR/xhtml1/DTD/xhtml1-transitional.dtd">
<html xmlns="http://www.w3.org/1999/xhtml" xml:lang="en" lang="en">
 <head>
  <title>
</title>
<meta http-equiv="Content-Type" content="text/html;charset=utf-8" />
  <meta name='ocr-system' content='tesseract 3.04.00' />
  <meta name='ocr-capabilities' content='ocr_page ocr_carea ocr_par ocr_line ocrx_word'/>
</head>
<body>
  <div class='ocr_page' id='page_1' title='image "./waltramiutvidet01schwgoog_0255.png"; bbox 0 0 3098 4818; ppageno 0'>
   <div class='ocr_carea' id='block_1_1' title="bbox 439 353 1268 408">
    <p class='ocr_par' dir='ltr' id='par_1_1' title="bbox 439 353 1268 408">
     <span class='ocr_line' id='line_1_1' title="bbox 439 353 1268 408; baseline -0.002 -2"><span class='ocrx_word' id='word_1_1' title='bbox 439 355 561 407; x_wconf 86' lang='lat' dir='ltr'>BRUNO</span> <span class='ocrx_word' id='word_1_2' title='bbox 579 355 629 406; x_wconf 82' lang='lat' dir='ltr'>DE</span> <span class='ocrx_word' id='word_1_3' title='bbox 648 355 767 408; x_wconf 85' lang='lat' dir='ltr'>BELLO</span> <span class='ocrx_word' id='word_1_4' title='bbox 788 355 975 408; x_wconf 80' lang='lat' dir='ltr'>SAXONIOO.</span> <span class='ocrx_word' id='word_1_5' title='bbox 1235 353 1268 404; x_wconf 79' lang='grc'>73</span> 
     </span>
    </p>
   </div>
   <div class='ocr_carea' id='block_1_2' title="bbox 5 519 1373 4303">
    <p class='ocr_par' dir='ltr' id='par_1_2' title="bbox 149 519 1366 1350">
     <span class='ocr_line' id='line_1_2' title="bbox 151 519 1345 610; baseline 0 -22"><span class='ocrx_word' id='word_1_6' title='bbox 151 524 227 610; x_wconf 89' lang='lat' dir='ltr'>quia</span> <span class='ocrx_word' id='word_1_7' title='bbox 259 520 384 588; x_wconf 81' lang='lat' dir='ltr'>incolae</span> <span class='ocrx_word' id='word_1_8' title='bbox 419 521 465 586; x_wconf 94' lang='lat' dir='ltr'>illi</span> <span class='ocrx_word' id='word_1_9' title='bbox 515 522 596 589; x_wconf 92' lang='lat' dir='ltr'>ridie</span> <span class='ocrx_word' id='word_1_10' title='bbox 628 531 753 588; x_wconf 90' lang='lat' dir='ltr'>nostros</span> <span class='ocrx_word' id='word_1_11' title='bbox 785 522 943 609; x_wconf 87' lang='lat' dir='ltr'>fugientes</span> <span class='ocrx_word' id='word_1_12' title='bbox 972 522 1188 609; x_wconf 82' lang='lat' dir='ltr'><strong>spoliaverant</strong></span> <span class='ocrx_word' id='word_1_13' title='bbox 1219 519 1345 588; x_wconf 71' lang='lat' dir='ltr'>velrois.</span> 
     </span>
     <span class='ocr_line' id='line_1_3' title="bbox 151 545 1366 706; baseline -0.002 -34"><span class='ocrx_word' id='word_1_14' title='bbox 151 605 341 672; x_wconf 87' lang='lat' dir='ltr'>occiderant.</span> <span class='ocrx_word' id='word_1_15' title='bbox 382 545 569 693; x_wconf 72' lang='lat' dir='ltr'>sigifridum</span> <span class='ocrx_word' id='word_1_16' title='bbox 585 629 648 693; x_wconf 91' lang='lat' dir='ltr'>quo</span> <span class='ocrx_word' id='word_1_17' title='bbox 673 630 714 672; x_wconf 92' lang='lat' dir='ltr'>ue</span> <span class='ocrx_word' id='word_1_18' title='bbox 729 607 951 692; x_wconf 87' lang='lat' dir='ltr'>Mogontinum</span> <span class='ocrx_word' id='word_1_19' title='bbox 966 605 1157 706; x_wconf 84' lang='lat' dir='ltr'>praesulem,</span> <span class='ocrx_word' id='word_1_20' title='bbox 1174 627 1269 705; x_wconf 89' lang='lat' dir='ltr'>quem</span> <span class='ocrx_word' id='word_1_21' title='bbox 1279 605 1335 656; x_wconf 69' lang='lat'>⁴¹⁸⁰·</span> <span class='ocrx_word' id='word_1_22' title='bbox 1345 607 1366 648; x_wconf 78' lang='lat'>¹·</span> 
     </span>
     <span class='ocr_line' id='line_1_4' title="bbox 150 630 1269 778; baseline -0.002 -22"><span class='ocrx_word' id='word_1_23' title='bbox 150 701 283 778; x_wconf 86' lang='lat' dir='ltr'>captum</span> <span class='ocrx_word' id='word_1_24' title='bbox 305 712 378 754; x_wconf 89' lang='lat' dir='ltr'>cum</span> <span class='ocrx_word' id='word_1_25' title='bbox 400 690 509 756; x_wconf 91' lang='lat' dir='ltr'>multis</span> <span class='ocrx_word' id='word_1_26' title='bbox 531 691 601 756; x_wconf 89' lang='lat' dir='ltr'>aliis</span> <span class='ocrx_word' id='word_1_27' title='bbox 618 630 723 756; x_wconf 81' lang='lat' dir='ltr'>adbuc</span> <span class='ocrx_word' id='word_1_28' title='bbox 739 689 920 773; x_wconf 89' lang='lat' dir='ltr'>servabant,</span> <span class='ocrx_word' id='word_1_29' title='bbox 941 689 1098 756; x_wconf 79' lang='lat' dir='ltr'>violenter</span> <span class='ocrx_word' id='word_1_30' title='bbox 1119 691 1269 776; x_wconf 79' lang='lat' dir='ltr'>eripiunt,</span> 
     </span>
     <span class='ocr_line' id='line_1_5' title="bbox 151 774 1269 861; baseline -0.001 -21"><span class='ocrx_word' id='word_1_31' title='bbox 151 797 326 861; x_wconf 77' lang='lat' dir='ltr'>secumque</span> <span class='ocrx_word' id='word_1_32' title='bbox 369 775 523 840; x_wconf 89' lang='lat' dir='ltr'>audentes</span> <span class='ocrx_word' id='word_1_33' title='bbox 546 785 578 840; x_wconf 89' lang='lat' dir='ltr'>et</span> <span class='ocrx_word' id='word_1_34' title='bbox 598 774 735 860; x_wconf 90' lang='lat' dir='ltr'>hymnos</span> <span class='ocrx_word' id='word_1_35' title='bbox 757 775 829 840; x_wconf 93' lang='lat' dir='ltr'>Deo</span> <span class='ocrx_word' id='word_1_36' title='bbox 852 785 1004 840; x_wconf 85' lang='lat' dir='ltr'>canentes</span> <span class='ocrx_word' id='word_1_37' title='bbox 1028 775 1070 840; x_wconf 89' lang='lat' dir='ltr'>ad</span> <span class='ocrx_word' id='word_1_38' title='bbox 1093 774 1269 840; x_wconf 86' lang='lat' dir='ltr'>Saxoniam</span> 
     </span>
     <span class='ocr_line' id='line_1_6' title="bbox 149 859 1271 946; baseline 0.001 -23"><span class='ocrx_word' id='word_1_39' title='bbox 149 859 317 924; x_wconf 82' lang='lat' dir='ltr'>reducunt.</span> <span class='ocrx_word' id='word_1_40' title='bbox 390 869 537 946; x_wconf 90' lang='lat' dir='ltr'>ostquam</span> <span class='ocrx_word' id='word_1_41' title='bbox 551 881 627 926; x_wconf 88' lang='lat' dir='ltr'>vero</span> <span class='ocrx_word' id='word_1_42' title='bbox 649 859 785 924; x_wconf 90' lang='lat' dir='ltr'>diversis</span> <span class='ocrx_word' id='word_1_43' title='bbox 807 881 850 924; x_wconf 89' lang='lat' dir='ltr'>ex</span> <span class='ocrx_word' id='word_1_44' title='bbox 871 859 1016 946; x_wconf 87' lang='lat' dir='ltr'>partibus</span> <span class='ocrx_word' id='word_1_45' title='bbox 1036 880 1147 924; x_wconf 90' lang='lat' dir='ltr'>omnes</span> <span class='ocrx_word' id='word_1_46' title='bbox 1168 859 1271 924; x_wconf 87' lang='lat' dir='ltr'>nostri</span> 
     </span>
     <span class='ocr_line' id='line_1_7' title="bbox 150 941 1270 1030; baseline 0 -22"><span class='ocrx_word' id='word_1_47' title='bbox 150 951 382 1025; x_wconf 88' lang='lat' dir='ltr'>convenerunt,</span> <span class='ocrx_word' id='word_1_48' title='bbox 414 954 445 1008; x_wconf 91' lang='lat' dir='ltr'>et</span> <span class='ocrx_word' id='word_1_49' title='bbox 474 943 551 1029; x_wconf 91' lang='lat' dir='ltr'>quid</span> <span class='ocrx_word' id='word_1_50' title='bbox 580 943 704 1008; x_wconf 84' lang='lat' dir='ltr'>fortiter</span> <span class='ocrx_word' id='word_1_51' title='bbox 732 943 872 1027; x_wconf 85' lang='lat' dir='ltr'>egissent</span> <span class='ocrx_word' id='word_1_52' title='bbox 901 942 952 1007; x_wconf 91' lang='lat' dir='ltr'>vel</span> <span class='ocrx_word' id='word_1_53' title='bbox 981 953 1101 1030; x_wconf 90' lang='lat' dir='ltr'>quanta</span> <span class='ocrx_word' id='word_1_54' title='bbox 1127 941 1270 1028; x_wconf 88' lang='lat' dir='ltr'>pericula</span> 
     </span>
     <span class='ocr_line' id='line_1_8' title="bbox 151 1026 1269 1114; baseline 0.002 -24"><span class='ocrx_word' id='word_1_55' title='bbox 151 1026 288 1114; x_wconf 72' lang='lat' dir='ltr'>qualiter</span> <span class='ocrx_word' id='word_1_56' title='bbox 324 1028 509 1109; x_wconf 88' lang='lat' dir='ltr'>evasissent,</span> <span class='ocrx_word' id='word_1_57' title='bbox 545 1028 685 1093; x_wconf 90' lang='lat' dir='ltr'>invicem</span> <span class='ocrx_word' id='word_1_58' title='bbox 724 1026 843 1112; x_wconf 85' lang='lat' dir='ltr'>singuli</span> <span class='ocrx_word' id='word_1_59' title='bbox 879 1026 1064 1108; x_wconf 87' lang='lat' dir='ltr'>retulerunt,</span> <span class='ocrx_word' id='word_1_60' title='bbox 1100 1047 1165 1092; x_wconf 92' lang='lat' dir='ltr'>non</span> <span class='ocrx_word' id='word_1_61' title='bbox 1201 1027 1269 1092; x_wconf 91' lang='grc'><strong>61116</strong></span> 
     </span>
     <span class='ocr_line' id='line_1_9' title="bbox 150 1109 1269 1192; baseline -0.002 -16"><span class='ocrx_word' id='word_1_62' title='bbox 150 1109 250 1176; x_wconf 89' lang='grc'><strong>11111116</strong></span> <span class='ocrx_word' id='word_1_63' title='bbox 271 1109 349 1175; x_wconf 90' lang='lat' dir='ltr'>fletu</span> <span class='ocrx_word' id='word_1_64' title='bbox 370 1111 486 1175; x_wconf 85' lang='lat' dir='ltr'>multas</span> <span class='ocrx_word' id='word_1_65' title='bbox 507 1109 618 1178; x_wconf 90' lang='lat' dir='ltr'>laudes</span> <span class='ocrx_word' id='word_1_66' title='bbox 639 1111 832 1176; x_wconf 89' lang='lat' dir='ltr'>unanimiter</span> <span class='ocrx_word' id='word_1_67' title='bbox 853 1111 926 1176; x_wconf 89' lang='lat' dir='ltr'>Deo</span> <span class='ocrx_word' id='word_1_68' title='bbox 948 1111 1166 1192; x_wconf 88' lang='lat' dir='ltr'>reddiderunt,</span> <span class='ocrx_word' id='word_1_69' title='bbox 1196 1132 1269 1174; x_wconf 91' lang='lat' dir='ltr'>cum</span> 
     </span>
     <span class='ocr_line' id='line_1_10' title="bbox 150 1193 1269 1344; baseline 0.001 -85"><span class='ocrx_word' id='word_1_70' title='bbox 150 1195 331 1344; x_wconf 48' lang='grc'><strong>1116116111)</strong></span> <span class='ocrx_word' id='word_1_71' title='bbox 346 1203 378 1260; x_wconf 91' lang='grc'>61</span> <span class='ocrx_word' id='word_1_72' title='bbox 399 1194 516 1282; x_wconf 77' lang='lat' dir='ltr'>fingatis</span> <span class='ocrx_word' id='word_1_73' title='bbox 538 1195 694 1277; x_wconf 88' lang='lat' dir='ltr'>hostibus,</span> <span class='ocrx_word' id='word_1_74' title='bbox 717 1206 786 1260; x_wconf 88' lang='lat' dir='ltr'>tum</span> <span class='ocrx_word' id='word_1_75' title='bbox 808 1196 905 1260; x_wconf 89' lang='lat' dir='ltr'>etiam</span> <span class='ocrx_word' id='word_1_76' title='bbox 927 1218 985 1281; x_wconf 92' lang='lat' dir='ltr'>pro</span> <span class='ocrx_word' id='word_1_77' title='bbox 1007 1193 1151 1260; x_wconf 87' lang='lat' dir='ltr'>liberatis</span> <span class='ocrx_word' id='word_1_78' title='bbox 1172 1195 1269 1260; x_wconf 85' lang='lat' dir='ltr'>tantis</span> 
     </span>
     <span class='ocr_line' id='line_1_11' title="bbox 150 1280 380 1350; baseline 0.009 -8"><span class='ocrx_word' id='word_1_79' title='bbox 150 1301 241 1350; x_wconf 84' lang='lat' dir='ltr'>sacer</span> <span class='ocrx_word' id='word_1_80' title='bbox 264 1280 309 1345; x_wconf 87' lang='lat' dir='ltr'>oti</span> <span class='ocrx_word' id='word_1_81' title='bbox 333 1301 380 1344; x_wconf 90' lang='lat' dir='ltr'>us.</span> 
     </span>
    </p>

    <p class='ocr_par' dir='ltr' id='par_1_3' title="bbox 130 1362 1270 2016">
     <span class='ocr_line' id='line_1_12' title="bbox 236 1362 1270 1462; baseline 0 -36"><span class='ocrx_word' id='word_1_82' title='bbox 236 1363 306 1427; x_wconf 83' lang='grc'><strong>102.</strong></span> <span class='ocrx_word' id='word_1_83' title='bbox 350 1362 404 1426; x_wconf 84' lang='lat' dir='ltr'>Ex</span> <span class='ocrx_word' id='word_1_84' title='bbox 435 1363 552 1428; x_wconf 89' lang='lat' dir='ltr'>nost1is</span> <span class='ocrx_word' id='word_1_85' title='bbox 588 1363 698 1462; x_wconf 88' lang='lat' dir='ltr'>itaque</span> <span class='ocrx_word' id='word_1_86' title='bbox 733 1363 879 1448; x_wconf 87' lang='lat' dir='ltr'>partibus</span> <span class='ocrx_word' id='word_1_87' title='bbox 916 1372 1043 1448; x_wconf 88' lang='lat' dir='ltr'>praeter</span> <span class='ocrx_word' id='word_1_88' title='bbox 1079 1362 1270 1447; x_wconf 90' lang='lat' dir='ltr'>eiscopum</span> 
     </span>
     <span class='ocr_line' id='line_1_13' title="bbox 150 1385 1270 1545; baseline -0.002 -30"><span class='ocrx_word' id='word_1_89' title='bbox 150 1445 493 1545; x_wconf 85' lang='lat' dir='ltr'>Magedaburgensem,</span> <span class='ocrx_word' id='word_1_90' title='bbox 517 1446 572 1532; x_wconf 94' lang='lat' dir='ltr'>qui</span> <span class='ocrx_word' id='word_1_91' title='bbox 594 1448 711 1512; x_wconf 81' lang='grc'><strong>66611111</strong></span> <span class='ocrx_word' id='word_1_92' title='bbox 731 1449 765 1510; x_wconf 94' lang='lat' dir='ltr'>in</span> <span class='ocrx_word' id='word_1_93' title='bbox 786 1447 873 1533; x_wconf 88' lang='lat' dir='ltr'>fuga,</span> <span class='ocrx_word' id='word_1_94' title='bbox 895 1469 990 1512; x_wconf 90' lang='lat' dir='ltr'>nemo</span> <span class='ocrx_word' id='word_1_95' title='bbox 1012 1447 1068 1532; x_wconf 91' lang='lat' dir='ltr'>qui</span> <span class='ocrx_word' id='word_1_96' title='bbox 1090 1385 1207 1531; x_wconf 82' lang='lat' dir='ltr'>dignus</span> <span class='ocrx_word' id='word_1_97' title='bbox 1230 1445 1270 1513; x_wconf 87' lang='lat' dir='ltr'>sit</span> 
     </span>
     <span class='ocr_line' id='line_1_14' title="bbox 130 1530 1270 1631; baseline 0.001 -36"><span class='ocrx_word' id='word_1_98' title='bbox 130 1531 278 1596; x_wconf 89' lang='lat' dir='ltr'>&#39;nomine</span> <span class='ocrx_word' id='word_1_99' title='bbox 299 1532 395 1616; x_wconf 87' lang='grc'><strong>1161111</strong></span> <span class='ocrx_word' id='word_1_100' title='bbox 415 1532 449 1594; x_wconf 92' lang='lat' dir='ltr'>in</span> <span class='ocrx_word' id='word_1_101' title='bbox 469 1530 524 1596; x_wconf 91' lang='lat' dir='ltr'>illa</span> <span class='ocrx_word' id='word_1_102' title='bbox 546 1553 671 1631; x_wconf 74' lang='lat' dir='ltr'>pugna,</span> <span class='ocrx_word' id='word_1_103' title='bbox 700 1553 743 1595; x_wconf 91' lang='lat' dir='ltr'>ex</span> <span class='ocrx_word' id='word_1_104' title='bbox 764 1530 871 1596; x_wconf 91' lang='lat' dir='ltr'>hostili</span> <span class='ocrx_word' id='word_1_105' title='bbox 892 1553 968 1596; x_wconf 91' lang='lat' dir='ltr'>vero</span> <span class='ocrx_word' id='word_1_106' title='bbox 989 1542 1080 1616; x_wconf 87' lang='lat' dir='ltr'>parte</span> <span class='ocrx_word' id='word_1_107' title='bbox 1103 1533 1270 1596; x_wconf 87' lang='lat' dir='ltr'>iacuerunt</span> 
     </span>
     <span class='ocr_line' id='line_1_15' title="bbox 150 1614 1270 1713; baseline 0 -35"><span class='ocrx_word' id='word_1_108' title='bbox 150 1614 196 1680; x_wconf 93' lang='lat' dir='ltr'>ibi</span> <span class='ocrx_word' id='word_1_109' title='bbox 228 1615 269 1678; x_wconf 90' lang='lat' dir='ltr'>de</span> <span class='ocrx_word' id='word_1_110' title='bbox 324 1615 502 1701; x_wconf 88' lang='lat' dir='ltr'>rincipibus</span> <span class='ocrx_word' id='word_1_111' title='bbox 534 1615 742 1680; x_wconf 76' lang='lat' dir='ltr'>nobilissimis</span> <span class='ocrx_word' id='word_1_112' title='bbox 771 1615 980 1680; x_wconf 81' lang='lat' dir='ltr'>Everhardus</span> <span class='ocrx_word' id='word_1_113' title='bbox 1008 1614 1178 1696; x_wconf 86' lang='lat' dir='ltr'>Barbatus,</span> <span class='ocrx_word' id='word_1_114' title='bbox 1214 1615 1270 1713; x_wconf 85' lang='lat' dir='ltr'>qui</span> 
     </span>
     <span class='ocr_line' id='line_1_16' title="bbox 150 1638 1269 1784; baseline 0 -22"><span class='ocrx_word' id='word_1_115' title='bbox 150 1698 245 1764; x_wconf 90' lang='lat' dir='ltr'>huius</span> <span class='ocrx_word' id='word_1_116' title='bbox 268 1638 343 1763; x_wconf 79' lang='lat' dir='ltr'>belli</span> <span class='ocrx_word' id='word_1_117' title='bbox 365 1709 434 1763; x_wconf 91' lang='lat' dir='ltr'>erat</span> <span class='ocrx_word' id='word_1_118' title='bbox 454 1701 600 1764; x_wconf 90' lang='lat' dir='ltr'>incentor</span> <span class='ocrx_word' id='word_1_119' title='bbox 622 1699 845 1780; x_wconf 88' lang='lat' dir='ltr'>saevissimus,</span> <span class='ocrx_word' id='word_1_120' title='bbox 867 1700 981 1784; x_wconf 91' lang='lat' dir='ltr'>Poppo</span> <span class='ocrx_word' id='word_1_121' title='bbox 1005 1697 1099 1762; x_wconf 90' lang='lat' dir='ltr'>simul</span> <span class='ocrx_word' id='word_1_122' title='bbox 1121 1707 1153 1762; x_wconf 92' lang='lat' dir='ltr'>et</span> <span class='ocrx_word' id='word_1_123' title='bbox 1175 1697 1269 1762; x_wconf 84' lang='lat' dir='ltr'>Thre-</span> 
     </span>
     <span class='ocr_line' id='line_1_17' title="bbox 150 1781 1269 1866; baseline -0.002 -19"><span class='ocrx_word' id='word_1_124' title='bbox 150 1781 275 1862; x_wconf 89' lang='lat' dir='ltr'>baldus,</span> <span class='ocrx_word' id='word_1_125' title='bbox 304 1783 476 1846; x_wconf 88' lang='lat' dir='ltr'>Heinricus</span> <span class='ocrx_word' id='word_1_126' title='bbox 504 1782 544 1846; x_wconf 90' lang='lat' dir='ltr'>de</span> <span class='ocrx_word' id='word_1_127' title='bbox 570 1781 814 1848; x_wconf 89' lang='lat' dir='ltr'>Lechesmundi.</span> <span class='ocrx_word' id='word_1_128' title='bbox 858 1783 993 1847; x_wconf 85' lang='lat' dir='ltr'>Factum</span> <span class='ocrx_word' id='word_1_129' title='bbox 1022 1793 1071 1846; x_wconf 90' lang='lat' dir='ltr'>est</span> <span class='ocrx_word' id='word_1_130' title='bbox 1100 1804 1177 1866; x_wconf 89' lang='lat' dir='ltr'>ergo</span> <span class='ocrx_word' id='word_1_131' title='bbox 1207 1783 1269 1846; x_wconf 93' lang='lat' dir='ltr'>hoc</span> 
     </span>
     <span class='ocr_line' id='line_1_18' title="bbox 150 1864 1270 2016; baseline -0.002 -86"><span class='ocrx_word' id='word_1_132' title='bbox 150 1864 310 2016; x_wconf 62' lang='lat' dir='ltr'>proelipm</span> <span class='ocrx_word' id='word_1_133' title='bbox 339 1865 515 1930; x_wconf 90' lang='lat' dir='ltr'>secundum</span> <span class='ocrx_word' id='word_1_134' title='bbox 549 1887 633 1930; x_wconf 89' lang='lat' dir='ltr'>anno</span> <span class='ocrx_word' id='word_1_135' title='bbox 663 1866 798 1930; x_wconf 88' lang='lat' dir='ltr'>Domini</span> <span class='ocrx_word' id='word_1_136' title='bbox 833 1867 924 1949; x_wconf 84' lang='lat'>1078,</span> <span class='ocrx_word' id='word_1_137' title='bbox 958 1867 987 1930; x_wconf 85' lang='grc'>7.</span> <span class='ocrx_word' id='word_1_138' title='bbox 1017 1866 1094 1930; x_wconf 85' lang='grc'><strong>111116</strong></span> <span class='ocrx_word' id='word_1_139' title='bbox 1120 1865 1270 1950; x_wconf 85' lang='lat' dir='ltr'>Augusti,</span> 
     </span>
     <span class='ocr_line' id='line_1_19' title="bbox 163 1971 279 2014; baseline 0 0"><span class='ocrx_word' id='word_1_140' title='bbox 163 1971 230 2014; x_wconf 89' lang='lat' dir='ltr'>ena</span> <span class='ocrx_word' id='word_1_141' title='bbox 271 1997 279 2014; x_wconf 88' lang='lat'>.</span> 
     </span>
    </p>

    <p class='ocr_par' dir='ltr' id='par_1_4' title="bbox 236 2019 1325 2130">
     <span class='ocr_line' id='line_1_20' title="bbox 236 2019 1325 2130; baseline -0.006 -34"><span class='ocrx_word' id='word_1_142' title='bbox 236 2019 306 2097; x_wconf 92' lang='grc'><strong>103.</strong></span> <span class='ocrx_word' id='word_1_143' title='bbox 350 2033 523 2098; x_wconf 87' lang='grc' dir='ltr'><strong>Η6111116116</strong></span> <span class='ocrx_word' id='word_1_144' title='bbox 544 2056 623 2106; x_wconf 87' lang='lat' dir='ltr'>vero</span> <span class='ocrx_word' id='word_1_145' title='bbox 650 2033 683 2096; x_wconf 92' lang='lat' dir='ltr'>in</span> <span class='ocrx_word' id='word_1_146' title='bbox 711 2031 844 2100; x_wconf 77' lang='lat' dir='ltr'>Octobri</span> <span class='ocrx_word' id='word_1_147' title='bbox 873 2032 1022 2118; x_wconf 84' lang='lat' dir='ltr'>proximo</span> <span class='ocrx_word' id='word_1_148' title='bbox 1045 2029 1270 2130; x_wconf 81' lang='lat' dir='ltr'>Reginesburg</span> <span class='ocrx_word' id='word_1_149' title='bbox 1281 2048 1325 2090; x_wconf 75' lang='grc'><strong>611.</strong></span> 
     </span>
    </p>

    <p class='ocr_par' dir='ltr' id='par_1_5' title="bbox 5 2114 1271 2938">
     <span class='ocr_line' id='line_1_21' title="bbox 5 2114 1270 2218; baseline -0.006 -32"><span class='ocrx_word' id='word_1_150' title='bbox 5 2137 35 2186; x_wconf 73' lang='lat' dir='ltr'>t-</span> <span class='ocrx_word' id='word_1_151' title='bbox 150 2117 293 2198; x_wconf 89' lang='lat' dir='ltr'>veniens,</span> <span class='ocrx_word' id='word_1_152' title='bbox 314 2117 515 2218; x_wconf 87' lang='lat' dir='ltr'>principibus</span> <span class='ocrx_word' id='word_1_153' title='bbox 531 2117 672 2184; x_wconf 81' lang='lat' dir='ltr'>collectis</span> <span class='ocrx_word' id='word_1_154' title='bbox 687 2117 839 2198; x_wconf 89' lang='lat' dir='ltr'>narravit,</span> <span class='ocrx_word' id='word_1_155' title='bbox 863 2115 1028 2202; x_wconf 90' lang='lat' dir='ltr'>quodiam</span> <span class='ocrx_word' id='word_1_156' title='bbox 1050 2114 1146 2216; x_wconf 87' lang='lat' dir='ltr'>longo</span> <span class='ocrx_word' id='word_1_157' title='bbox 1168 2114 1270 2180; x_wconf 91' lang='lat' dir='ltr'>labon</span> 
     </span>
     <span class='ocr_line' id='line_1_22' title="bbox 5 2197 1270 2287; baseline -0.003 -21"><span class='ocrx_word' id='word_1_158' title='bbox 5 2207 36 2256; x_wconf 75' lang='lat'>&#39;-</span> <span class='ocrx_word' id='word_1_159' title='bbox 55 2206 70 2232; x_wconf 59' lang='lat'>‘¹</span> <span class='ocrx_word' id='word_1_160' title='bbox 150 2199 248 2268; x_wconf 85' lang='lat' dir='ltr'>finem</span> <span class='ocrx_word' id='word_1_161' title='bbox 269 2202 396 2268; x_wconf 87' lang='lat' dir='ltr'>fec1sset</span> <span class='ocrx_word' id='word_1_162' title='bbox 417 2200 579 2287; x_wconf 85' lang='lat' dir='ltr'>nichilque</span> <span class='ocrx_word' id='word_1_163' title='bbox 601 2202 663 2268; x_wconf 90' lang='lat' dir='ltr'>sibi</span> <span class='ocrx_word' id='word_1_164' title='bbox 684 2200 867 2266; x_wconf 89' lang='lat' dir='ltr'>faciendum</span> <span class='ocrx_word' id='word_1_165' title='bbox 887 2210 1029 2282; x_wconf 88' lang='lat' dir='ltr'>restaret,</span> <span class='ocrx_word' id='word_1_166' title='bbox 1061 2201 1123 2264; x_wconf 89' lang='lat' dir='ltr'>nisr</span> <span class='ocrx_word' id='word_1_167' title='bbox 1144 2209 1180 2266; x_wconf 91' lang='lat' dir='ltr'>ut</span> <span class='ocrx_word' id='word_1_168' title='bbox 1200 2197 1270 2263; x_wconf 91' lang='lat' dir='ltr'>illos</span> 
     </span>
     <span class='ocr_line' id='line_1_23' title="bbox 173 2284 1271 2372; baseline -0.002 -22"><span class='ocrx_word' id='word_1_169' title='bbox 173 2285 207 2350; x_wconf 93' lang='lat' dir='ltr'>ui</span> <span class='ocrx_word' id='word_1_170' title='bbox 229 2307 338 2350; x_wconf 89' lang='lat' dir='ltr'>secum</span> <span class='ocrx_word' id='word_1_171' title='bbox 359 2287 532 2372; x_wconf 81' lang='lat' dir='ltr'>participes</span> <span class='ocrx_word' id='word_1_172' title='bbox 562 2295 653 2351; x_wconf 88' lang='lat' dir='ltr'>erant</span> <span class='ocrx_word' id='word_1_173' title='bbox 679 2285 807 2368; x_wconf 89' lang='lat' dir='ltr'>laboris,</span> <span class='ocrx_word' id='word_1_174' title='bbox 838 2295 1000 2350; x_wconf 87' lang='lat' dir='ltr'>consortes</span> <span class='ocrx_word' id='word_1_175' title='bbox 1029 2287 1125 2350; x_wconf 88' lang='lat' dir='ltr'>etiam</span> <span class='ocrx_word' id='word_1_176' title='bbox 1152 2284 1271 2348; x_wconf 83' lang='lat' dir='ltr'>faceret</span> 
     </span>
     <span class='ocr_line' id='line_1_24' title="bbox 151 2307 1271 2456; baseline -0.004 -22"><span class='ocrx_word' id='word_1_177' title='bbox 151 2307 266 2454; x_wconf 79' lang='lat' dir='ltr'>dignae</span> <span class='ocrx_word' id='word_1_178' title='bbox 302 2370 530 2436; x_wconf 87' lang='lat' dir='ltr'>retributionis.</span> <span class='ocrx_word' id='word_1_179' title='bbox 584 2371 679 2436; x_wconf 87' lang='lat' dir='ltr'>Dixit</span> <span class='ocrx_word' id='word_1_180' title='bbox 709 2391 849 2456; x_wconf 90' lang='lat' dir='ltr'>namque</span> <span class='ocrx_word' id='word_1_181' title='bbox 879 2367 1025 2435; x_wconf 82' lang='lat' dir='ltr'>Saxones</span> <span class='ocrx_word' id='word_1_182' title='bbox 1057 2371 1092 2433; x_wconf 91' lang='lat' dir='ltr'>in</span> <span class='ocrx_word' id='word_1_183' title='bbox 1127 2368 1271 2454; x_wconf 90' lang='lat' dir='ltr'>proximi</span> 
     </span>
     <span class='ocr_line' id='line_1_25' title="bbox 150 2452 1271 2539; baseline 0 -24"><span class='ocrx_word' id='word_1_184' title='bbox 150 2452 265 2537; x_wconf 87' lang='lat' dir='ltr'>proelii</span> <span class='ocrx_word' id='word_1_185' title='bbox 279 2453 431 2518; x_wconf 83' lang='lat' dir='ltr'>conflictu</span> <span class='ocrx_word' id='word_1_186' title='bbox 450 2455 497 2518; x_wconf 93' lang='grc'>616</span> <span class='ocrx_word' id='word_1_187' title='bbox 511 2475 581 2518; x_wconf 86' lang='grc'><strong>6666</strong></span> <span class='ocrx_word' id='word_1_188' title='bbox 596 2463 783 2539; x_wconf 91' lang='lat' dir='ltr'>prostratos,</span> <span class='ocrx_word' id='word_1_189' title='bbox 805 2463 841 2518; x_wconf 91' lang='lat' dir='ltr'>ut</span> <span class='ocrx_word' id='word_1_190' title='bbox 854 2454 916 2517; x_wconf 88' lang='lat' dir='ltr'>nisi</span> <span class='ocrx_word' id='word_1_191' title='bbox 931 2453 971 2518; x_wconf 89' lang='lat' dir='ltr'>de</span> <span class='ocrx_word' id='word_1_192' title='bbox 986 2453 1136 2539; x_wconf 89' lang='lat' dir='ltr'>gentibus</span> <span class='ocrx_word' id='word_1_193' title='bbox 1152 2452 1271 2529; x_wconf 82' lang='lat' dir='ltr'>exteris</span> 
     </span>
     <span class='ocr_line' id='line_1_26' title="bbox 151 2535 1270 2620; baseline 0 -20"><span class='ocrx_word' id='word_1_194' title='bbox 151 2556 301 2620; x_wconf 86' lang='lat' dir='ltr'>agrorum</span> <span class='ocrx_word' id='word_1_195' title='bbox 324 2536 461 2602; x_wconf 88' lang='lat' dir='ltr'>cultores</span> <span class='ocrx_word' id='word_1_196' title='bbox 489 2536 686 2620; x_wconf 77' lang='lat' dir='ltr'>advenirent,</span> <span class='ocrx_word' id='word_1_197' title='bbox 709 2537 873 2603; x_wconf 88' lang='lat' dir='ltr'>Saxonica</span> <span class='ocrx_word' id='word_1_198' title='bbox 894 2535 986 2602; x_wconf 84' lang='lat' dir='ltr'>tellus</span> <span class='ocrx_word' id='word_1_199' title='bbox 1008 2539 1041 2601; x_wconf 90' lang='grc'>111</span> <span class='ocrx_word' id='word_1_200' title='bbox 1064 2537 1270 2602; x_wconf 88' lang='lat' dir='ltr'>solitudinem</span> 
     </span>
     <span class='ocr_line' id='line_1_27' title="bbox 150 2619 1270 2705; baseline -0.002 -21"><span class='ocrx_word' id='word_1_201' title='bbox 150 2641 245 2684; x_wconf 90' lang='lat' dir='ltr'>versa</span> <span class='ocrx_word' id='word_1_202' title='bbox 275 2619 386 2686; x_wconf 88' lang='lat' dir='ltr'>bestiis</span> <span class='ocrx_word' id='word_1_203' title='bbox 421 2620 620 2686; x_wconf 90' lang='lat' dir='ltr'>silvestribus</span> <span class='ocrx_word' id='word_1_204' title='bbox 652 2620 827 2686; x_wconf 87' lang='lat' dir='ltr'>habitanda</span> <span class='ocrx_word' id='word_1_205' title='bbox 854 2630 1042 2685; x_wconf 88' lang='lat' dir='ltr'>remaneret.</span> <span class='ocrx_word' id='word_1_206' title='bbox 1100 2621 1208 2705; x_wconf 90' lang='lat' dir='ltr'>Igitur</span> <span class='ocrx_word' id='word_1_207' title='bbox 1233 2629 1270 2683; x_wconf 91' lang='lat' dir='ltr'>ut</span> 
     </span>
     <span class='ocr_line' id='line_1_28' title="bbox 151 2701 1269 2791; baseline -0.003 -23"><span class='ocrx_word' id='word_1_208' title='bbox 151 2701 240 2768; x_wconf 90' lang='lat' dir='ltr'>illam</span> <span class='ocrx_word' id='word_1_209' title='bbox 271 2715 388 2769; x_wconf 88' lang='lat' dir='ltr'>terram</span> <span class='ocrx_word' id='word_1_210' title='bbox 421 2705 545 2769; x_wconf 85' lang='lat' dir='ltr'>cunctis</span> <span class='ocrx_word' id='word_1_211' title='bbox 576 2706 706 2791; x_wconf 85' lang='lat' dir='ltr'>frugum</span> <span class='ocrx_word' id='word_1_212' title='bbox 734 2704 906 2790; x_wconf 89' lang='lat' dir='ltr'>generibus</span> <span class='ocrx_word' id='word_1_213' title='bbox 941 2704 1125 2790; x_wconf 85' lang='lat' dir='ltr'>opulentam</span> <span class='ocrx_word' id='word_1_214' title='bbox 1160 2724 1269 2768; x_wconf 89' lang='lat' dir='ltr'>secum</span> 
     </span>
     <span class='ocr_line' id='line_1_29' title="bbox 151 2785 1270 2938; baseline -0.004 -86"><span class='ocrx_word' id='word_1_215' title='bbox 151 2786 269 2852; x_wconf 85' lang='lat' dir='ltr'>vellent</span> <span class='ocrx_word' id='word_1_216' title='bbox 289 2789 408 2854; x_wconf 87' lang='lat' dir='ltr'>intrare</span> <span class='ocrx_word' id='word_1_217' title='bbox 429 2789 564 2874; x_wconf 88' lang='lat' dir='ltr'>rogavit,</span> <span class='ocrx_word' id='word_1_218' title='bbox 586 2789 731 2938; x_wconf 70' lang='lat' dir='ltr'>ipsisque</span> <span class='ocrx_word' id='word_1_219' title='bbox 755 2787 841 2875; x_wconf 91' lang='lat' dir='ltr'>quod</span> <span class='ocrx_word' id='word_1_220' title='bbox 862 2785 983 2852; x_wconf 90' lang='lat' dir='ltr'>nullum</span> <span class='ocrx_word' id='word_1_221' title='bbox 1007 2789 1062 2875; x_wconf 89' lang='lat' dir='ltr'>qui</span> <span class='ocrx_word' id='word_1_222' title='bbox 1083 2789 1129 2852; x_wconf 90' lang='lat' dir='ltr'>eis</span> <span class='ocrx_word' id='word_1_223' title='bbox 1151 2788 1270 2852; x_wconf 89' lang='lat' dir='ltr'>intran-</span> 
     </span>
    </p>

    <p class='ocr_par' dir='ltr' id='par_1_6' title="bbox 38 2868 1373 4303">
     <span class='ocr_line' id='line_1_30' title="bbox 150 2868 1373 2958; baseline -0.007 -18"><span class='ocrx_word' id='word_1_224' title='bbox 150 2871 237 2940; x_wconf 87' lang='lat' dir='ltr'>tibus</span> <span class='ocrx_word' id='word_1_225' title='bbox 260 2873 418 2938; x_wconf 79' lang='lat' dir='ltr'>obstaret*</span> <span class='ocrx_word' id='word_1_226' title='bbox 439 2873 629 2956; x_wconf 88' lang='lat' dir='ltr'>invenirent,</span> <span class='ocrx_word' id='word_1_227' title='bbox 650 2873 671 2936; x_wconf 86' lang='lat' dir='ltr'><strong>fi</strong></span> <span class='ocrx_word' id='word_1_228' title='bbox 696 2871 786 2938; x_wconf 90' lang='grc'><strong>611161</strong></span> <span class='ocrx_word' id='word_1_229' title='bbox 808 2872 990 2958; x_wconf 88' lang='lat' dir='ltr'>spopondit.</span> <span class='ocrx_word' id='word_1_230' title='bbox 1034 2870 1131 2953; x_wconf 79' lang='lat' dir='ltr'>Quod</span> <span class='ocrx_word' id='word_1_231' title='bbox 1151 2881 1188 2935; x_wconf 90' lang='lat' dir='ltr'>ut</span> <span class='ocrx_word' id='word_1_232' title='bbox 1208 2868 1373 2934; x_wconf 66' lang='lat' dir='ltr'>illiso-so·</span> 
     </span>
     <span class='ocr_line' id='line_1_31' title="bbox 151 2953 1271 3040; baseline 0 -20"><span class='ocrx_word' id='word_1_233' title='bbox 151 2955 241 3021; x_wconf 89' lang='lat' dir='ltr'>fieret</span> <span class='ocrx_word' id='word_1_234' title='bbox 263 2955 424 3040; x_wconf 88' lang='lat' dir='ltr'>credibile,</span> <span class='ocrx_word' id='word_1_235' title='bbox 446 2954 610 3022; x_wconf 91' lang='lat' dir='ltr'>simulatos</span> <span class='ocrx_word' id='word_1_236' title='bbox 632 2957 761 3022; x_wconf 90' lang='lat' dir='ltr'>nuntios</span> <span class='ocrx_word' id='word_1_237' title='bbox 782 2955 858 3022; x_wconf 83' lang='lat' dir='ltr'>fecit</span> <span class='ocrx_word' id='word_1_238' title='bbox 871 2955 1046 3040; x_wconf 86' lang='lat' dir='ltr'>procedere</span> <span class='ocrx_word' id='word_1_239' title='bbox 1068 2977 1142 3020; x_wconf 89' lang='lat' dir='ltr'>oum</span> <span class='ocrx_word' id='word_1_240' title='bbox 1162 2953 1271 3020; x_wconf 92' lang='lat' dir='ltr'>verbis</span> 
     </span>
     <span class='ocr_line' id='line_1_32' title="bbox 38 3038 1270 3188; baseline -0.002 -82"><span class='ocrx_word' id='word_1_241' title='bbox 38 3100 52 3128; x_wconf 71' lang='grc'><strong>,</strong></span> <span class='ocrx_word' id='word_1_242' title='bbox 152 3042 349 3188; x_wconf 77' lang='lat' dir='ltr'>compositis,</span> <span class='ocrx_word' id='word_1_243' title='bbox 383 3041 438 3128; x_wconf 91' lang='lat' dir='ltr'>qui</span> <span class='ocrx_word' id='word_1_244' title='bbox 466 3043 589 3106; x_wconf 89' lang='lat' dir='ltr'>cunctis</span> <span class='ocrx_word' id='word_1_245' title='bbox 615 3038 821 3107; x_wconf 88' lang='lat' dir='ltr'>audientibus</span> <span class='ocrx_word' id='word_1_246' title='bbox 845 3041 925 3124; x_wconf 85' lang='lat' dir='ltr'>regi,</span> <span class='ocrx_word' id='word_1_247' title='bbox 958 3042 1041 3106; x_wconf 90' lang='lat' dir='ltr'>sicut</span> <span class='ocrx_word' id='word_1_248' title='bbox 1062 3050 1153 3106; x_wconf 91' lang='lat' dir='ltr'>erant</span> <span class='ocrx_word' id='word_1_249' title='bbox 1173 3039 1270 3121; x_wconf 89' lang='lat' dir='ltr'>docti,</span> 
     </span>
     <span class='ocr_line' id='line_1_33' title="bbox 152 3123 1270 3212; baseline 0.002 -24"><span class='ocrx_word' id='word_1_250' title='bbox 152 3123 223 3189; x_wconf 87' lang='lat' dir='ltr'>dice</span> <span class='ocrx_word' id='word_1_251' title='bbox 248 3135 304 3190; x_wconf 92' lang='lat' dir='ltr'>ant</span> <span class='ocrx_word' id='word_1_252' title='bbox 325 3149 367 3192; x_wconf 89' lang='lat' dir='ltr'>ex</span> <span class='ocrx_word' id='word_1_253' title='bbox 387 3147 526 3212; x_wconf 89' lang='lat' dir='ltr'>persona</span> <span class='ocrx_word' id='word_1_254' title='bbox 547 3124 637 3190; x_wconf 91' lang='lat' dir='ltr'>ducis</span> <span class='ocrx_word' id='word_1_255' title='bbox 660 3125 789 3192; x_wconf 90' lang='lat' dir='ltr'>Ottonis</span> <span class='ocrx_word' id='word_1_256' title='bbox 811 3134 842 3190; x_wconf 91' lang='lat' dir='ltr'>et</span> <span class='ocrx_word' id='word_1_257' title='bbox 863 3124 1052 3189; x_wconf 89' lang='lat' dir='ltr'>Herimanni</span> <span class='ocrx_word' id='word_1_258' title='bbox 1075 3125 1211 3207; x_wconf 89' lang='lat' dir='ltr'>comitis,</span> <span class='ocrx_word' id='word_1_259' title='bbox 1236 3145 1270 3190; x_wconf 92' lang='grc'>66</span> 
     </span>
     <span class='ocr_line' id='line_1_34' title="bbox 152 3206 1270 3295; baseline 0.001 -24"><span class='ocrx_word' id='word_1_260' title='bbox 152 3207 236 3272; x_wconf 88' lang='grc'><strong>66166</strong></span> <span class='ocrx_word' id='word_1_261' title='bbox 251 3231 301 3274; x_wconf 85' lang='lat' dir='ltr'>ex</span> <span class='ocrx_word' id='word_1_262' title='bbox 314 3209 424 3274; x_wconf 89' lang='lat' dir='ltr'>liberis</span> <span class='ocrx_word' id='word_1_263' title='bbox 439 3209 633 3291; x_wconf 91' lang='lat' dir='ltr'>hominibus,</span> <span class='ocrx_word' id='word_1_264' title='bbox 656 3209 806 3275; x_wconf 89' lang='lat' dir='ltr'>omnibus</span> <span class='ocrx_word' id='word_1_265' title='bbox 820 3208 891 3274; x_wconf 91' lang='lat' dir='ltr'>aliis</span> <span class='ocrx_word' id='word_1_266' title='bbox 909 3210 943 3272; x_wconf 94' lang='lat' dir='ltr'>in</span> <span class='ocrx_word' id='word_1_267' title='bbox 957 3209 1132 3274; x_wconf 90' lang='lat' dir='ltr'>novissimo</span> <span class='ocrx_word' id='word_1_268' title='bbox 1147 3206 1270 3295; x_wconf 90' lang='lat' dir='ltr'>proelio</span> 
     </span>
     <span class='ocr_line' id='line_1_35' title="bbox 152 3291 1270 3379; baseline -0.002 -23"><span class='ocrx_word' id='word_1_269' title='bbox 152 3291 337 3374; x_wconf 87' lang='lat' dir='ltr'>interfectis,</span> <span class='ocrx_word' id='word_1_270' title='bbox 370 3291 525 3359; x_wconf 87' lang='lat' dir='ltr'>beneficio</span> <span class='ocrx_word' id='word_1_271' title='bbox 553 3292 648 3379; x_wconf 86' lang='lat' dir='ltr'>fugae</span> <span class='ocrx_word' id='word_1_272' title='bbox 676 3297 711 3358; x_wconf 92' lang='lat' dir='ltr'>in</span> <span class='ocrx_word' id='word_1_273' title='bbox 734 3293 877 3358; x_wconf 81' lang='lat' dir='ltr'>Saxonis</span> <span class='ocrx_word' id='word_1_274' title='bbox 897 3291 1034 3375; x_wconf 88' lang='lat' dir='ltr'>relictos,</span> <span class='ocrx_word' id='word_1_275' title='bbox 1067 3313 1153 3356; x_wconf 90' lang='lat' dir='ltr'>nunc</span> <span class='ocrx_word' id='word_1_276' title='bbox 1175 3291 1270 3356; x_wconf 90' lang='lat' dir='ltr'>nimis</span> 
     </span>
     <span class='ocr_line' id='line_1_36' title="bbox 155 3374 1271 3464; baseline -0.002 -24"><span class='ocrx_word' id='word_1_277' title='bbox 155 3397 225 3440; x_wconf 89' lang='lat' dir='ltr'>sero</span> <span class='ocrx_word' id='word_1_278' title='bbox 258 3377 436 3462; x_wconf 89' lang='lat' dir='ltr'>poenitere,</span> <span class='ocrx_word' id='word_1_279' title='bbox 468 3376 556 3464; x_wconf 92' lang='lat' dir='ltr'>quod</span> <span class='ocrx_word' id='word_1_280' title='bbox 587 3400 729 3464; x_wconf 91' lang='lat' dir='ltr'>unquam</span> <span class='ocrx_word' id='word_1_281' title='bbox 756 3376 961 3442; x_wconf 89' lang='lat' dir='ltr'>multitudine</span> <span class='ocrx_word' id='word_1_282' title='bbox 991 3397 1123 3440; x_wconf 90' lang='lat' dir='ltr'>suorum</span> <span class='ocrx_word' id='word_1_283' title='bbox 1157 3374 1271 3440; x_wconf 88' lang='lat' dir='ltr'>confisi</span> 
     </span>
     <span class='ocr_line' id='line_1_37' title="bbox 151 3459 1270 3548; baseline -0.002 -24"><span class='ocrx_word' id='word_1_284' title='bbox 151 3461 443 3546; x_wconf 89' lang='lat' dir='ltr'>praesumpsissent</span> <span class='ocrx_word' id='word_1_285' title='bbox 463 3462 570 3546; x_wconf 88' lang='lat' dir='ltr'>regiae</span> <span class='ocrx_word' id='word_1_286' title='bbox 585 3464 735 3548; x_wconf 88' lang='lat' dir='ltr'>potestati</span> <span class='ocrx_word' id='word_1_287' title='bbox 750 3463 914 3542; x_wconf 86' lang='lat' dir='ltr'>resistere;</span> <span class='ocrx_word' id='word_1_288' title='bbox 938 3483 972 3525; x_wconf 91' lang='lat' dir='ltr'>se</span> <span class='ocrx_word' id='word_1_289' title='bbox 986 3461 1072 3546; x_wconf 85' lang='lat' dir='ltr'>regis</span> <span class='ocrx_word' id='word_1_290' title='bbox 1087 3459 1270 3540; x_wconf 89' lang='lat' dir='ltr'>adventum,</span> 
     </span>
     <span class='ocr_line' id='line_1_38' title="bbox 153 3543 1271 3630; baseline 0.001 -23"><span class='ocrx_word' id='word_1_291' title='bbox 153 3565 216 3630; x_wconf 88' lang='lat' dir='ltr'>quo</span> <span class='ocrx_word' id='word_1_292' title='bbox 238 3553 341 3608; x_wconf 85' lang='lat' dir='ltr'>terra-e</span> <span class='ocrx_word' id='word_1_293' title='bbox 364 3544 454 3610; x_wconf 89' lang='lat' dir='ltr'>daret</span> <span class='ocrx_word' id='word_1_294' title='bbox 480 3545 629 3627; x_wconf 87' lang='lat' dir='ltr'>cultores,</span> <span class='ocrx_word' id='word_1_295' title='bbox 658 3544 820 3610; x_wconf 90' lang='lat' dir='ltr'>humiliter</span> <span class='ocrx_word' id='word_1_296' title='bbox 845 3554 1032 3630; x_wconf 80' lang='lat' dir='ltr'>expectare3</span> <span class='ocrx_word' id='word_1_297' title='bbox 1061 3566 1095 3608; x_wconf 91' lang='lat' dir='ltr'>se</span> <span class='ocrx_word' id='word_1_298' title='bbox 1123 3543 1271 3608; x_wconf 88' lang='lat' dir='ltr'>sibinen</span> 
     </span>
     <span class='ocr_line' id='line_1_39' title="bbox 152 3625 1272 3713; baseline 0.001 -23"><span class='ocrx_word' id='word_1_299' title='bbox 152 3625 315 3710; x_wconf 91' lang='lat' dir='ltr'>honorem,</span> <span class='ocrx_word' id='word_1_300' title='bbox 337 3650 402 3692; x_wconf 93' lang='lat' dir='ltr'>non</span> <span class='ocrx_word' id='word_1_301' title='bbox 423 3627 614 3711; x_wconf 87' lang='lat' dir='ltr'>libertatem,</span> <span class='ocrx_word' id='word_1_302' title='bbox 637 3629 694 3694; x_wconf 92' lang='lat' dir='ltr'>sed</span> <span class='ocrx_word' id='word_1_303' title='bbox 716 3628 815 3693; x_wconf 91' lang='lat' dir='ltr'>solam</span> <span class='ocrx_word' id='word_1_304' title='bbox 836 3629 946 3710; x_wconf 88' lang='lat' dir='ltr'>vitam,</span> <span class='ocrx_word' id='word_1_305' title='bbox 969 3629 1116 3713; x_wconf 88' lang='lat' dir='ltr'>quamvis</span> <span class='ocrx_word' id='word_1_306' title='bbox 1136 3629 1190 3692; x_wconf 88' lang='lat' dir='ltr'>vel</span> <span class='ocrx_word' id='word_1_307' title='bbox 1211 3627 1272 3692; x_wconf 85' lang='lat' dir='ltr'>hac</span> 
     </span>
     <span class='ocr_line' id='line_1_40' title="bbox 152 3710 1271 3798; baseline -0.002 -22"><span class='ocrx_word' id='word_1_308' title='bbox 152 3721 259 3776; x_wconf 87' lang='lat' dir='ltr'>essent</span> <span class='ocrx_word' id='word_1_309' title='bbox 280 3711 414 3796; x_wconf 88' lang='lat' dir='ltr'>indigni,</span> <span class='ocrx_word' id='word_1_310' title='bbox 437 3712 608 3797; x_wconf 89' lang='lat' dir='ltr'>postulare.</span> <span class='ocrx_word' id='word_1_311' title='bbox 652 3711 779 3794; x_wconf 77' lang='lat' dir='ltr'>Quibus</span> <span class='ocrx_word' id='word_1_312' title='bbox 800 3713 917 3794; x_wconf 91' lang='lat' dir='ltr'>verbis,</span> <span class='ocrx_word' id='word_1_313' title='bbox 940 3713 1113 3798; x_wconf 87' lang='lat' dir='ltr'>sicutipse</span> <span class='ocrx_word' id='word_1_314' title='bbox 1136 3710 1271 3776; x_wconf 87' lang='lat' dir='ltr'>callidus</span> 
     </span>
     <span class='ocr_line' id='line_1_41' title="bbox 152 3795 1269 3884; baseline -0.001 -24"><span class='ocrx_word' id='word_1_315' title='bbox 152 3795 337 3876; x_wconf 86' lang='lat' dir='ltr'>dictaverat,</span> <span class='ocrx_word' id='word_1_316' title='bbox 364 3797 530 3881; x_wconf 87' lang='lat' dir='ltr'>peroratis,</span> <span class='ocrx_word' id='word_1_317' title='bbox 558 3795 605 3860; x_wconf 90' lang='lat' dir='ltr'>illi</span> <span class='ocrx_word' id='word_1_318' title='bbox 633 3801 689 3884; x_wconf 93' lang='lat' dir='ltr'>qui</span> <span class='ocrx_word' id='word_1_319' title='bbox 710 3796 791 3862; x_wconf 86' lang='lat' dir='ltr'>haec</span> <span class='ocrx_word' id='word_1_320' title='bbox 811 3795 941 3861; x_wconf 89' lang='lat' dir='ltr'>credula</span> <span class='ocrx_word' id='word_1_321' title='bbox 969 3796 1065 3861; x_wconf 91' lang='lat' dir='ltr'>nimis</span> <span class='ocrx_word' id='word_1_322' title='bbox 1094 3817 1171 3860; x_wconf 91' lang='lat' dir='ltr'>aure</span> <span class='ocrx_word' id='word_1_323' title='bbox 1197 3817 1269 3881; x_wconf 92' lang='lat' dir='ltr'>per-</span> 
     </span>
     <span class='ocr_line' id='line_1_42' title="bbox 152 3879 1271 3966; baseline -0.002 -20"><span class='ocrx_word' id='word_1_324' title='bbox 152 3889 319 3965; x_wconf 82' lang='lat' dir='ltr'>ceperant,</span> <span class='ocrx_word' id='word_1_325' title='bbox 356 3880 444 3944; x_wconf 90' lang='lat' dir='ltr'>inani</span> <span class='ocrx_word' id='word_1_326' title='bbox 470 3903 528 3966; x_wconf 90' lang='grc'><strong>6116</strong></span> <span class='ocrx_word' id='word_1_327' title='bbox 561 3884 627 3950; x_wconf 88' lang='lat' dir='ltr'>iam</span> <span class='ocrx_word' id='word_1_328' title='bbox 655 3891 755 3946; x_wconf 88' lang='lat' dir='ltr'>totam</span> <span class='ocrx_word' id='word_1_329' title='bbox 786 3879 962 3946; x_wconf 85' lang='lat' dir='ltr'>Saxoniam</span> <span class='ocrx_word' id='word_1_330' title='bbox 991 3880 1220 3966; x_wconf 80' lang='lat' dir='ltr'>possidebant„</span> <span class='ocrx_word' id='word_1_331' title='bbox 1239 3888 1271 3944; x_wconf 93' lang='grc'>61</span> 
     </span>
     <span class='ocr_line' id='line_1_43' title="bbox 175 3963 1269 4051; baseline 0.003 -24"><span class='ocrx_word' id='word_1_332' title='bbox 175 3964 245 4028; x_wconf 91' lang='lat' dir='ltr'>uasi</span> <span class='ocrx_word' id='word_1_333' title='bbox 258 3965 323 4028; x_wconf 93' lang='lat' dir='ltr'>iam</span> <span class='ocrx_word' id='word_1_334' title='bbox 338 3963 551 4050; x_wconf 86' lang='lat' dir='ltr'>possidentes,</span> <span class='ocrx_word' id='word_1_335' title='bbox 572 3965 661 4029; x_wconf 89' lang='lat' dir='ltr'>inani</span> <span class='ocrx_word' id='word_1_336' title='bbox 683 3987 740 4051; x_wconf 88' lang='lat' dir='ltr'>spe</span> <span class='ocrx_word' id='word_1_337' title='bbox 759 3964 896 4050; x_wconf 88' lang='lat' dir='ltr'>decepti,</span> <span class='ocrx_word' id='word_1_338' title='bbox 918 3965 1025 4029; x_wconf 91' lang='lat' dir='ltr'>animo</span> <span class='ocrx_word' id='word_1_339' title='bbox 1040 3964 1269 4032; x_wconf 86' lang='lat' dir='ltr'>tumescebant.</span> 
     </span>
     <span class='ocr_line' id='line_1_44' title="bbox 151 3984 1269 4134; baseline 0 -23"><span class='ocrx_word' id='word_1_340' title='bbox 151 3984 235 4113; x_wconf 62' lang='lat' dir='ltr'>lota</span> <span class='ocrx_word' id='word_1_341' title='bbox 254 4049 352 4134; x_wconf 84' lang='lat' dir='ltr'>igitur</span> <span class='ocrx_word' id='word_1_342' title='bbox 372 4047 585 4132; x_wconf 88' lang='lat' dir='ltr'>festinatione,</span> <span class='ocrx_word' id='word_1_343' title='bbox 608 4069 672 4134; x_wconf 92' lang='lat' dir='ltr'>quo</span> <span class='ocrx_word' id='word_1_344' title='bbox 695 4071 769 4134; x_wconf 89' lang='lat' dir='ltr'>spes</span> <span class='ocrx_word' id='word_1_345' title='bbox 791 4071 846 4113; x_wconf 92' lang='lat' dir='ltr'>eos</span> <span class='ocrx_word' id='word_1_346' title='bbox 868 4048 1024 4132; x_wconf 87' lang='lat' dir='ltr'>trahebat,</span> <span class='ocrx_word' id='word_1_347' title='bbox 1046 4048 1138 4134; x_wconf 92' lang='lat' dir='ltr'>sequi</span> <span class='ocrx_word' id='word_1_348' title='bbox 1155 4069 1269 4134; x_wconf 93' lang='lat' dir='ltr'>prope-</span> 
     </span>
     <span class='ocr_line' id='line_1_45' title="bbox 151 4129 1270 4218; baseline 0.003 -25"><span class='ocrx_word' id='word_1_349' title='bbox 151 4132 279 4214; x_wconf 73' lang='lat' dir='ltr'>rabant,</span> <span class='ocrx_word' id='word_1_350' title='bbox 315 4154 376 4197; x_wconf 92' lang='lat' dir='ltr'>nec</span> <span class='ocrx_word' id='word_1_351' title='bbox 404 4132 583 4197; x_wconf 85' lang='lat' dir='ltr'>exercitum</span> <span class='ocrx_word' id='word_1_352' title='bbox 603 4131 698 4198; x_wconf 90' lang='lat' dir='ltr'>valde</span> <span class='ocrx_word' id='word_1_353' title='bbox 726 4142 902 4218; x_wconf 74' lang='lat' dir='ltr'>magnum⁸</span> <span class='ocrx_word' id='word_1_354' title='bbox 936 4155 1006 4197; x_wconf 90' lang='lat' dir='ltr'>esse</span> <span class='ocrx_word' id='word_1_355' title='bbox 1038 4129 1197 4212; x_wconf 90' lang='lat' dir='ltr'>volebant,</span> <span class='ocrx_word' id='word_1_356' title='bbox 1229 4153 1270 4196; x_wconf 90' lang='lat' dir='ltr'>ne</span> 
     </span>
     <span class='ocr_line' id='line_1_46' title="bbox 152 4213 1270 4303; baseline 0.001 -26"><span class='ocrx_word' id='word_1_357' title='bbox 152 4213 269 4300; x_wconf 89' lang='lat' dir='ltr'>singuli</span> <span class='ocrx_word' id='word_1_358' title='bbox 292 4237 329 4280; x_wconf 89' lang='lat' dir='ltr'>eo</span> <span class='ocrx_word' id='word_1_359' title='bbox 351 4217 457 4280; x_wconf 92' lang='lat' dir='ltr'>minus</span> <span class='ocrx_word' id='word_1_360' title='bbox 479 4214 564 4282; x_wconf 88' lang='lat' dir='ltr'>illius</span> <span class='ocrx_word' id='word_1_361' title='bbox 585 4217 725 4303; x_wconf 89' lang='lat' dir='ltr'>regionis</span> <span class='ocrx_word' id='word_1_362' title='bbox 746 4217 938 4303; x_wconf 87' lang='lat' dir='ltr'>acciperent,</span> <span class='ocrx_word' id='word_1_363' title='bbox 966 4237 1029 4302; x_wconf 94' lang='lat' dir='ltr'>quo</span> <span class='ocrx_word' id='word_1_364' title='bbox 1052 4214 1161 4303; x_wconf 91' lang='lat' dir='ltr'>plures</span> <span class='ocrx_word' id='word_1_365' title='bbox 1182 4213 1270 4279; x_wconf 90' lang='lat' dir='ltr'>illam</span> 
     </span>
    </p>
   </div>
   <div class='ocr_carea' id='block_1_3' title="bbox 151 4359 438 4414">
    <p class='ocr_par' dir='ltr' id='par_1_7' title="bbox 151 4359 438 4414">
     <span class='ocr_line' id='line_1_47' title="bbox 151 4359 438 4414; baseline 0.024 -13"><span class='ocrx_word' id='word_1_366' title='bbox 151 4359 174 4414; x_wconf 77' lang='lat' dir='ltr'>a)</span> <span class='ocrx_word' id='word_1_367' title='bbox 191 4363 401 4414; x_wconf 67' lang='grc'><strong>11611111111111111</strong></span> <span class='ocrx_word' id='word_1_368' title='bbox 419 4368 438 4409; x_wconf 85' lang='lat'>1.</span> 
     </span>
    </p>
   </div>
   <div class='ocr_carea' id='block_1_4' title="bbox 0 0 1554 4818">
    <p class='ocr_par' dir='ltr' id='par_1_8' title="bbox 0 0 1554 4818">
     <span class='ocr_line' id='line_1_48' title="bbox 0 0 1554 4818; baseline 0 0"><span class='ocrx_word' id='word_1_369' title='bbox 0 0 1554 4818; x_wconf 95' lang='lat' dir='ltr'> </span> 
     </span>
    </p>
   </div>
  </div>
 </body>
</html>
