3116 4822
294 374 344 441 ‚28
492 375 542 424 DE
563 372 721 424 UNITATE
740 371 945 423 EOOLESIAE
966 370 1242 423 CONSERVANDA.

149 540 362 600 ¹⁰¹⁰m·²⁷=⁷·1lt¹
382 548 513 614 propbeta
531 547 699 609 Hieremias,
720 563 779 596 eum
794 546 896 610 populo
916 544 970 595 Dei
999 545 1081 595 ueteri
1101 543 1309 609 praenuntiaret
1330 541 1430 606 captivi

194 599 261 640 ⁸¹⁷·
308 631 387 673 tatem
415 627 438 672 et
462 621 590 672 diuinitas
615 621 765 684 imperaret,
791 626 820 669 ut
844 619 993 669 obedienter
1018 619 1085 668 irent
1110 618 1140 667 in
1163 616 1342 682 Babyloniam
1366 615 1426 667 Deo

309 711 356 746 suo
375 695 454 745 etiam
472 694 526 744 ista
542 693 673 758 patientia
691 693 841 755 servientes,
859 690 960 742 monuit
979 700 1003 742 et
1021 690 1087 756 ipse,
1113 696 1142 740 ul
1160 698 1284 740 oraretur
1297 706 1349 754 pro
1369 689 1427 754 illa,

148 777 300 829 lemmate.
310 767 408 830 dicens,
428 765 507 832 quia:
526 766 561 816 In
574 766 630 816 eius
645 781 712 830 paee
726 774 763 815 est
777 781 837 830 paro
850 775 946 828 uestra,
960 762 1049 829 utique
1062 764 1167 815 interim
1180 763 1339 828 temporalis,
1360 778 1428 828 quoe
1518 805 1527 813 ,

308 839 382 892 bonis
405 839 533 905 malisque
559 839 733 889 conireniensa
753 847 797 889 est.
835 837 914 888 Paa²
938 844 1026 888 autem
1048 843 1140 887 nostra
1154 837 1259 902 patria,
1279 843 1302 887 et
1328 835 1370 885 bie
1389 844 1426 887 est

309 932 367 966 eum
386 913 443 964 Deo
471 930 522 978 per
539 912 631 978 fidem,
657 919 680 962 ιι
704 909 733 960 in
753 917 888 961 aeternum
907 911 956 961 erit
974 927 1033 961 oum
1051 910 1097 961 illo
1111 927 1164 975 per
1182 910 1300 975 speeiem.
1338 908 1428 975 Igitur

310 987 436 1038 terrena³
456 985 558 1047 ciuitas,
583 1001 724 1051 quaenam
743 983 807 1034 uiuit
826 1001 858 1035 eu
875 985 941 1048 fide,
966 990 1098 1034 terrenam
1119 1000 1213 1048 paoem
1239 981 1347 1048 appelit,
1373 999 1427 1048 qua

308 1058 396 1126 defiqit
420 1059 570 1124 imperandi
595 1057 783 1122 obediendique
809 1057 976 1108 concordiam
999 1057 1105 1119 ciuium,
1131 1063 1160 1106 ul
1186 1057 1219 1106 sit
1244 1056 1277 1106 iis
1297 1055 1426 1107 derebus

309 1134 346 1183 ad
358 1133 493 1182 mortalem
511 1129 593 1182 uitam
607 1131 802 1196 pertinentibus
821 1130 1000 1180 bumanorum
1018 1131 1149 1195 quaedam
1166 1128 1315 1195 compositio
1334 1129 1427 1178 uolun-

308 1214 400 1257 tatum.
440 1203 539 1255 Oioitas
558 1213 645 1254 autem
664 1202 789 1266 caelestis,
809 1220 876 1269 quae
895 1204 924 1253 in
943 1204 992 1253 bac
1013 1203 1174 1254 mortalitate
1188 1203 1377 1268 pereqrinatur
1403 1209 1427 1252 et

308 1277 374 1330 uiuit
399 1295 432 1330 eu
444 1278 509 1344 fide,
533 1278 612 1328 etiam
633 1277 686 1326 ista
704 1293 772 1341 paee
795 1293 898 1327 neeesse
923 1284 961 1327 est
987 1284 1087 1338 utatur,
1112 1276 1193 1326 donee
1210 1275 1280 1341 ipsa,
1300 1273 1343 1326 eui
1364 1275 1426 1324 talis

304 1368 365 1418 pau
383 1349 535 1402 necessaria
551 1358 596 1413 est,
616 1349 763 1400 mortalitas
783 1357 911 1401 transeat.
939 1347 978 1399 Ao
991 1366 1045 1414 per
1059 1349 1106 1400 boe
1125 1349 1189 1399 dum
1209 1349 1283 1414 apud
1295 1355 1428 1400 terrenam

309 1423 440 1476 civitatem
459 1424 529 1474 uelut
548 1423 655 1487 captiua
673 1421 756 1472 uitam
775 1439 840 1473 suae
854 1421 1078 1489 pereqrinationis
1098 1423 1161 1489 opit,
1180 1423 1235 1472 iam
1249 1419 1426 1486 promissione

309 1496 496 1561 redemptionis
516 1502 539 1546 et
558 1496 627 1546 dono
647 1493 763 1560 spiritali
782 1503 910 1560 tanquam
924 1494 1036 1561 pipnore
1056 1504 1169 1560 accepto,
1190 1495 1288 1562 leqibus
1308 1503 1428 1545 terrenae

311 1567 434 1632 ciuitatis,
460 1569 555 1634 quibus
579 1568 643 1620 baec
668 1567 898 1630 administrantur,
924 1585 993 1632 quae
1019 1569 1208 1620 sustentandae
1233 1567 1340 1618 mortali
1356 1567 1427 1620 uitae

309 1642 506 1694 accommodata
531 1649 601 1704 sunt,
621 1641 797 1706 obtemperare
815 1658 868 1691 non
889 1631 1001 1704 dubilat,
1025 1650 1062 1704 ut,
1083 1643 1209 1706 quoniam
1228 1639 1370 1692 eommunis
1390 1647 1428 1691 est

310 1715 370 1782 ipsa
388 1713 544 1777 mortalitas,
571 1720 690 1778 seruetur
708 1713 737 1765 in
755 1714 834 1766 rebus
854 1715 891 1764 ool
910 1732 966 1764 eam
981 1715 1175 1780 pertinentibus
1200 1715 1269 1765 inter
1288 1720 1428 1778 utramque

310 1789 441 1840 civitatem
460 1788 609 1839 eoncordia.

397 1855 439 1919 Et
464 1856 559 1940 longe
587 1877 685 1954 supra
710 1856 744 1918 in
770 1854 852 1918 libro
883 1865 996 1939 quarto
1026 1854 1066 1920 de
1094 1855 1223 1919 civitate
1250 1855 1314 1918 Dei
1340 1853 1427 1916 idem

310 1940 510 2024 Augustinus
538 1938 683 2020 serib1t⁴,
714 1960 976 2020 commemorans,
1005 1937 1140 2024 qualiter
1165 1939 1256 2003 Deus
1284 1946 1427 2002 terrenae

312 2045 439 2110 quoque
467 2024 604 2087 civitatis
626 2045 762 2106 regnum
792 2023 942 2106 disponit.
985 2038 1068 2102 Deae,
1094 2023 1207 2108 inquit,
1231 2038 1274 2089 itte
1286 2035 1427 2104 felicitatis

311 2123 404 2164 auctor
429 2122 452 2164 et
478 2114 565 2176 dator,
590 2111 655 2177 quia
680 2114 751 2162 solus
777 2121 814 2162 est
833 2129 911 2162 verus
929 2111 1014 2174 Deus,
1033 2111 1090 2176 ipse
1109 2114 1157 2164 dat
1175 2130 1259 2180 reqna
1278 2121 1385 2162 terrena
1403 2117 1428 2160 ιι

311 2185 385 2236 bonis
410 2192 434 2236 el
457 2186 544 2248 malis,
570 2202 653 2250 neque
677 2185 724 2235 boe
744 2195 835 2236 temere
855 2193 878 2236 et
896 2185 975 2249 quasi
987 2186 1111 2252 fortuito,
1135 2187 1201 2250 quia
1219 2185 1294 2236 Deus
1313 2192 1350 2234 est
1374 2200 1426 2233 non

304 2259 429 2324 fortuna,
450 2259 497 2309 sed
510 2275 562 2322 pra
581 2273 669 2308 rerum
689 2264 712 2308 et
730 2265 875 2323 temporum
894 2259 986 2309 ordine
1005 2261 1104 2309 occulto
1118 2258 1201 2322 nobis,
1221 2257 1355 2308 notissimo
1369 2254 1427 2318 sibi,

312 2332 357 2382 cui
375 2339 462 2382 tamen
485 2329 575 2381 ordini
598 2337 742 2396 temporum
761 2348 815 2381 non
834 2331 955 2382 subditus
975 2331 1063 2395 serait,
1083 2333 1129 2383 sed
1148 2349 1207 2383 eum
1225 2333 1281 2398 ipse
1301 2339 1428 2394 tanquam

312 2402 435 2454 dominus
448 2405 514 2471 repit
526 2405 724 2468 moderatorque
737 2404 862 2469 disponit.
888 2403 1052 2456 Felicitatem
1065 2422 1126 2456 uero
1145 2423 1199 2456 non
1212 2405 1259 2456 dat
1272 2403 1325 2454 nisi
1338 2402 1427 2463 bonis,-

312 2477 381 2528 ltane
407 2475 476 2527 enim
495 2485 608 2541 potsunt
631 2485 655 2528 et
679 2494 734 2527 nou
757 2478 853 2528 babere
878 2484 902 2529 ιι
920 2478 1015 2529 babere
1034 2477 1183 2540 servientes,
1199 2485 1313 2543 possunt
1332 2484 1356 2527 et
1374 2492 1428 2526 non

311 2549 407 2600 babere
432 2559 455 2600 et
480 2545 612 2616 reqnareb
638 2557 787 2617 reqnantes,
813 2567 882 2616 quae
906 2559 994 2602 tamen
1013 2553 1099 2616 plena
1123 2552 1152 2601 in
1175 2568 1208 2602 ea
1230 2549 1286 2600 uita
1306 2549 1362 2611 erit,
1382 2548 1429 2598 ubi

310 2640 385 2674 nemo
410 2623 466 2673 iam
491 2622 586 2674 seruiet
610 2622 667 2674 ulli.
705 2624 741 2674 Et
766 2625 825 2675 ideo
847 2641 931 2692 reqna
950 2633 1054 2675 terrena
1074 2634 1098 2676 et
1117 2623 1191 2675 bonis
1211 2624 1244 2674 ab
1263 2623 1307 2674 illo
1327 2622 1429 2673 dantur

311 2703 336 2748 et
353 2695 439 2759 malis,
458 2713 492 2748 ne
511 2697 567 2748 eius
587 2697 697 2748 caltores
717 2698 805 2748 adbuc
819 2697 931 2763 paruuli
949 2697 978 2748 in
992 2707 1121 2763 proveeta
1145 2697 1228 2748 animi
1252 2697 1318 2747 haee
1345 2695 1379 2744 ab
1399 2711 1427 2745 eo

310 2785 422 2820 munera
445 2771 524 2834 quasi
548 2787 673 2836 maqnum
700 2769 803 2836 aliquid
826 2771 1020 2836 concupiscant.
1057 2772 1094 2822 Et
1112 2771 1159 2821 boe
1178 2778 1215 2820 est
1233 2777 1428 2820 sacramentum

317 2842 416 2894 Veteris
434 2843 598 2906 Testamenti,
617 2842 663 2894 ubi
676 2845 805 2894 oecultum
817 2851 875 2894 erat
893 2861 999 2905 noriam,
1019 2844 1090 2908 quod
1102 2843 1156 2894 illie
1163 2843 1300 2908 promissa
1319 2851 1343 2894 et
1356 2842 1428 2892 dona

311 2921 416 2967 terrena
429 2924 490 2966 sunt
502 2916 705 2982 intelliqentibus
725 2923 749 2966 et
766 2924 830 2967 tune
843 2915 1017 2982 spiritalibus,
1037 2917 1156 2982 quamuis
1169 2917 1287 2967 nondum
1300 2917 1329 2966 in
1342 2915 1429 2964 mani·

304 2989 449 3052 festatione
470 2988 700 3053 praedicantibus,
726 2997 749 3040 et
767 3006 835 3054 qaae
854 2989 908 3040 illis
927 2989 1114 3055 temporalibus
1132 2990 1211 3040 rebus
1236 2988 1430 3056 siqnfiearetm

312 3059 463 3123 aeternitas,
484 3069 507 3111 et
525 3059 621 3126 quibus
640 3058 693 3112 Dei
712 3062 789 3112 donis
809 3071 873 3113 esset
891 3079 956 3113 nera
967 3063 1096 3128 felicitas.
1136 3062 1212 3123 Quae
1231 3080 1290 3112 eum
1309 3063 1348 3112 ita
1367 3061 1428 3124 sint,

311 3159 364 3192 non
378 3141 533 3205 tribuamus,
554 3129 688 3212 inquiffl,
711 3144 797 3194 dandi
809 3144 884 3210 rep-ni
903 3151 980 3209 atque
993 3143 1098 3209 imperii
1108 3153 1266 3210 potestatem
1283 3142 1357 3194 nisic
1370 3143 1429 3194 Deo

311 3231 381 3277 uero,
401 3215 447 3280 qui
465 3215 513 3266 dat
523 3217 681 3281 felicitatem
699 3216 728 3266 in
746 3235 825 3284 reqno
845 3218 978 3269 caelorum
996 3216 1058 3269 solis
1073 3219 1138 3283 piis,
1164 3235 1274 3285 requam
1296 3233 1357 3268 nero
1377 3225 1428 3266 ter·

311 3304 404 3338 renum
430 3296 453 3338 et
473 3289 529 3352 piis
555 3299 578 3340 et
601 3291 698 3356 impiis,
724 3290 790 3340 sieut
816 3289 839 3340 ei
859 3293 958 3356 placet,
984 3291 1027 3342 eui
1045 3291 1113 3342 nibil
1130 3291 1227 3343 iniuste
1242 3293 1338 3358 placet.
1377 3288 1429 3341 Ille

311 3361 379 3411 enim
407 3378 477 3412 unus
506 3379 584 3412 uerus
612 3364 694 3426 Deus,
722 3362 769 3428 qui
795 3381 843 3414 mea
869 3363 968 3414 iudicio
991 3381 1038 3414 nee
1064 3365 1196 3416 adiutorio
1222 3362 1318 3417 deserit
1344 3379 1428 3429 penus

310 3434 464 3496 humanum,
484 3437 592 3500 quando
612 3436 694 3488 uoluit
713 3443 737 3488 et
755 3445 884 3502 quantum
902 3437 993 3497 uoluit,
1012 3437 1140 3488 Romanis
1154 3455 1264 3505 reqnum
1283 3436 1364 3504 dedit,
1383 3436 1431 3501 qui

312 3505 391 3558 etiam
409 3508 482 3558 dedit
500 3508 589 3560 Persis
608 3516 632 3561 el
649 3508 775 3575 Assyriis.
814 3508 858 3561 Sia
877 3526 978 3576 quoque
996 3509 1071 3562 Deus
1090 3528 1200 3576 reqnum
1225 3511 1299 3562 dedit
1318 3508 1428 3560 bomini·

312 3579 369 3640 bus,
389 3577 436 3644 qui
449 3580 538 3632 Mario
557 3580 636 3648 ipsed
656 3590 679 3635 el
699 3583 761 3634 Oaio
776 3581 893 3646 Caesari,
912 3583 959 3648 qui
971 3580 1090 3650 Anqusto
1109 3580 1188 3649 ipsed
1208 3593 1231 3635 et
1253 3582 1362 3645 Neroni,
1383 3583 1430 3648 qui

318 3651 488 3717 Vespasianis
501 3660 524 3704 et
532 3655 609 3720 patri
621 3665 645 3708 et
650 3655 719 3723 filio,
739 3653 904 3706 suavissimis
916 3656 1127 3720 imperatoribus,
1146 3653 1223 3723 ipsed
1237 3666 1261 3709 el
1273 3656 1429 3707 Domitiano

311 3724 499 3787 crudelissimo,
519 3735 543 3777 et
560 3745 593 3779 ne
608 3747 660 3794 per
672 3728 791 3794 simpulos
806 3729 845 3781 ire
857 3746 959 3781 neeesse
971 3729 1013 3793 sit,
1032 3731 1078 3795 qui
1092 3728 1261 3782 Constantino
1274 3730 1430 3792 obristiano,

310 3803 389 3871 ipse‘1
409 3815 545 3872 apostatae
564 3811 681 3862 Iuliano.
713 3796 757 3860 Et
778 3805 852 3882 post
871 3795 1015 3882 aliqua⁶t
1040 3813 1132 3878 Neque
1150 3831 1212 3865 uero
1230 3830 1288 3876 nos,
1315 3798 1430 3882 inquit,

312 3878 468 3932 christianos
493 3885 623 3946 quosdam
646 3885 817 3950 imperatores
841 3886 900 3937 idea
918 3884 1015 3952 seliees
1039 3886 1161 3951 dicimus,
1187 3886 1251 3952 quia
1275 3895 1299 3938 et
1327 3887 1430 3938 diutius

312 4072 336 4126 s)
353 4073 480 4114 eommunis
496 4073 552 4125 Aue.
613 4075 636 4127 b)
652 4079 675 4118 et
691 4089 788 4127 regnare
803 4080 847 4120 des.
864 4079 921 4129 Auq.
984 4077 1005 4131 e)
1021 4091 1067 4120 non
1086 4082 1105 4121 1.
1167 4077 1191 4130 d)
1207 4081 1252 4130 ipsi
1270 4082 1289 4122 l.

314 4241 342 4308 1)
372 4245 403 4296 L.
424 4260 447 4295 e.
476 4262 503 4310 p.
523 4244 586 4297 b'll.
688 4246 716 4312 2)
745 4248 823 4298 Haec
849 4247 912 4298 alibi
939 4263 1061 4312 quaeres.
1163 4248 1193 4311 3)
1218 4249 1251 4298 L.
1272 4265 1295 4298 c.
1322 4265 1347 4313 p.
1368 4245 1431 4298 561.

312 4316 341 4380 4)
362 4318 394 4367 L.
405 4333 428 4369 e.
440 4319 502 4382 VII,
521 4336 547 4386 p.
560 4319 621 4371 112.
642 4321 741 4372 et113.
792 4319 821 4387 b)
841 4321 873 4372 L.
885 4337 907 4371 e.
919 4321 983 4384 VII,
1003 4339 1028 4387 p.
1043 4319 1102 4369 138.
1154 4324 1181 4382 6)
1202 4320 1306 4372 Ibidem
1327 4339 1354 4388 p.
1368 4321 1433 4372 141.
