3114 4814
333 402 384 452 DE
404 401 563 452 UNITATE
583 396 788 455 ECCLESIAE
809 401 1085 456 CONSERVANDA.
1233 405 1272 454 69

148 571 256 656 regiae
289 567 429 654 regula-e,
462 569 561 634 immo
593 581 830 656 usurpaverunt
862 571 925 637 sibi
961 571 1068 636 officia
1102 572 1269 660 potestatis

149 655 325 740 utriusque,
348 655 500 740 quoniam
522 655 611 740 apud
625 653 696 719 illos
718 654 814 740 plane
833 665 881 720 est
901 677 1037 741 regnum
1060 669 1116 721 aut
1130 657 1187 721 ubi
1207 658 1270 742 ipsi

148 737 268 822 volunt,
289 739 506 823 perversiores
529 739 604 803 inde
627 739 733 805 effecti
755 761 832 825 prae
853 741 955 804 nimia
975 741 1115 806 ambitus
1136 763 1269 827 usurpa-

147 824 245 906 tione,
271 834 308 886 ut
333 821 375 886 ad
401 833 551 888 neutrum
579 823 694 888 horum
724 825 791 888 sive
821 823 863 888 ad
892 825 1108 890 sacerdotium
1138 827 1206 890 sive
1228 825 1270 890 ad

148 929 284 994 regnum
336 907 437 971 ossint
464 907 573 972 idonei
602 909 753 990 existere,
783 929 855 972 cum
877 930 978 972 unum
1001 931 1043 974 ex
1064 909 1114 973 his
1135 932 1195 995 pro
1219 911 1272 974 sui

148 929 373 1092 magnitudine
395 990 564 1076 diligenter
580 993 653 1078 quis
674 1013 739 1057 non
753 994 857 1078 possit
876 991 1020 1079 implere.
1050 993 1271 1058 Veruntamen

149 1075 342 1140 christianus
368 1097 435 1140 non
465 1085 521 1158 est,
550 1075 725 1142 catholicus
753 1099 818 1140 non
846 1085 903 1159 est,
933 1077 1080 1164 quisquis
1101 1077 1269 1162 euangelio

150 1159 350 1242 contradicit,
372 1161 518 1246 quisquis
535 1160 714 1225 doctrinam
735 1159 942 1246 apostolicam
958 1163 1089 1249 spernit.
1118 1147 1361 1247 Reddite,}¹,⁸²,⁸{¹

150 1245 265 1329 inquit,
286 1266 370 1328 qaae
392 1255 470 1309 sent
492 1249 640 1310 caeseris
669 1247 809 1327 caesari,
832 1255 860 1309 et
883 1269 966 1331 qnae
994 1257 1072 1310 sent
1093 1247 1159 1310 Dei
1187 1247 1266 1312 Deo.
1280 1235 1442 1326 abiner„

150 1328 253 1394 Nereo
274 1327 421 1393 militans
436 1329 506 1394 Deo
528 1331 677 1414 implicat
698 1353 731 1394 ee
746 1331 885 1415 repotiis
900 1331 1134 1396 soecularibus.
1162 1331 1269 1396 Deum
1281 1355 1439 1408 neeman..

150 1415 264 1494 timete,
293 1437 400 1500 repent
424 1414 645 1496 honorificate,
667 1423 714 1479 et:
744 1413 898 1496 Subiecti,
920 1415 1034 1500 inquit,
1056 1424 1151 1480 estote
1181 1417 1270 1480 orani
1281 1415 1388 1514 ,²3¹30ff

119 1563 122 1568 ,
149 1507 323 1562 creaturae
349 1508 486 1582 propter
507 1499 625 1581 Deum,
654 1502 720 1564 sive
747 1521 782 1562 re
806 1501 820 1563 i
842 1503 939 1584 paesi
955 1498 1180 1583 praecellenti,
1203 1501 1270 1565 sive
1297 1503 1303 1526 '
1343 1505 1348 1517 '
1387 1502 1393 1514 '

149 1582 288 1646 ducibus
308 1592 468 1667 tanquam
491 1583 531 1646 cb
554 1606 589 1648 ec
611 1585 719 1648 missis
743 1523 990 1647 adornantem
1011 1583 1270 1669 mclffcctornm,

150 1666 196 1729 ccl
223 1666 355 1730 landem
383 1689 458 1730 vero
492 1667 657 1740 bonorum,
706 1667 811 1730 Iitur
844 1688 916 1730 cum
949 1677 1084 1751 utraque
1120 1666 1270 1753 dignitas,

148 1747 266 1834 regalis
300 1749 421 1816 scilieet
450 1759 547 1836 atque
574 1749 706 1837 pontific
738 1751 776 1833 is,
810 1751 857 1814 sic
887 1749 1034 1814 ordinata
1066 1752 1108 1815 sit
1140 1773 1160 1814 a
1187 1751 1270 1834 Deo,

171 1836 300 1898 ustinus
330 1833 483 1920 spiritalis
511 1835 594 1900 actio
621 1857 641 1898 a
662 1832 891 1920 temporalibus
919 1833 1015 1900 distet
1035 1835 1218 1900 incursibus
1240 1845 1271 1900 et

183 1941 221 1982 eo
249 1917 389 1983 militans
418 1920 550 1984 minime
579 1942 614 1985 se
642 1919 781 2004 negotiis
810 1917 953 2004 implicet
980 1917 1206 2002 saecularibus,
1239 1929 1272 1983 et

150 2025 225 2067 eum
247 2023 312 2066 non
326 2003 452 2088 possint
466 2024 576 2068 omnes
597 2025 649 2068 res
670 2011 758 2068 tutae
779 2025 858 2086 esse,
881 2003 943 2066 nisi
965 2025 1048 2089 quae
1069 2003 1111 2066 ad
1126 2003 1270 2068 divinam

150 2086 383 2152 confessionem
397 2088 559 2174 pertinent
580 2099 612 2154 et
625 2088 715 2174 regia
736 2096 767 2152 et
782 2085 989 2152 sacerdotalis
1004 2086 1147 2152 defendit
1160 2096 1269 2150 aucto-

147 2173 237 2254 ritas,
259 2173 424 2254 attendite,
455 2172 597 2255 obsecro,
627 2182 660 2237 et
687 2170 804 2252 videte,
835 2170 997 2258 quomodo
1020 2169 1215 2236 Hildebrant
1237 2180 1272 2236 et

150 2257 298 2342 episcopi
312 2259 382 2322 eius
400 2257 484 2321 inter
497 2256 575 2322 alias
590 2257 849 2339 innumerabiles,
871 2278 954 2343 quae
969 2255 1045 2321 inde
1061 2265 1271 2337 emerserunt,

148 2340 278 2406 hereses
307 2341 511 2428 quaesierint,
538 2343 721 2406 resistentes
743 2341 824 2405 miro
846 2341 942 2405 modo
971 2341 1036 2405 Dei
1068 2341 1272 2421 ordinationi,

148 2424 229 2490 haec
256 2425 320 2490 duo
347 2425 547 2512 principalia,
576 2427 695 2512 quibus
721 2427 844 2510 regitur
870 2423 1021 2506 mundus,
1048 2425 1209 2510 extirpare
1238 2437 1270 2490 et

149 2509 193 2573 ad
218 2507 353 2574 nihilum
375 2510 507 2592 ducere;
538 2512 714 2609 cupientes,
734 2511 839 2588 ,etiam
864 2509 944 2572 alios
967 2530 1077 2573 omnes
1100 2511 1268 2594 episcopos

149 2591 230 2657 tales
259 2615 339 2676 esse,
366 2595 449 2658 sicut
477 2603 551 2658 sunt
576 2596 648 2680 1psi,
679 2593 735 2678 qui
754 2615 831 2657 vere
859 2613 924 2656 non
953 2602 1028 2657 sunt
1052 2594 1206 2678 episcopi,
1237 2601 1269 2658 et

148 2699 242 2777 reges
274 2677 432 2743 eiusmodi
463 2677 590 2760 habere,
625 2677 740 2764 quibus
772 2677 836 2763 ipsi
862 2677 953 2760 regia
984 2675 1112 2741 licentia
1140 2679 1270 2824 possint

147 2783 317 2848 imperare.
360 2763 447 2828 Ecce
477 2764 562 2827 enim
591 2761 811 2826 Herimannus
841 2783 909 2842 rex,
942 2781 1109 2825 successor
1170 2759 1267 2824 udolfi

148 2847 234 2932 regis
256 2847 409 2932 ipsorum,
431 2845 504 2912 talis
526 2857 611 2912 certe
632 2844 693 2910 fuit
715 2855 748 2911 et
768 2843 841 2910 talis
863 2845 978 2927 extitit,
1006 2855 1043 2910 ut
1071 2845 1110 2910 de
1133 2867 1170 2909 eo
1192 2865 1268 2910 vere

149 2931 327 2995 seeundum
358 2931 483 2996 literam
515 2934 598 2997 inter
621 2931 719 2995 reteri
745 2930 922 3016 possimus,
956 2929 1044 3016 quod
1071 2931 1105 2992 in
1130 2927 1267 2993 Daniele
1276 2947 1337 2990 nan.
1348 2949 1383 3001 11,
1393 2949 1430 2990 ao.

147 3013 294 3102 legimus,
318 3016 409 3100 quia:
432 3016 539 3082 Stabit
552 3020 590 3082 in
599 2953 673 3080 loco
688 3017 758 3080 eins
781 3017 947 3100 despectae
970 3024 998 3078 et
1020 3036 1085 3078 non
1107 3015 1268 3078 tribuetur

148 3102 180 3164 ei
200 3101 304 3164 bonor
324 3103 446 3186 repieta

236 3185 283 3250 16.
326 3183 410 3248 Nam
431 3194 467 3250 ut
487 3184 789 3270 praetermittamus,
816 3191 894 3268 quot
915 3182 1019 3246 modis
1041 3179 1083 3245 ab
1106 3181 1267 3267 episcopis

147 3265 200 3332 vel
215 3289 235 3332 a
249 3267 450 3354 principibus
467 3267 627 3334 Saxoniae
643 3269 842 3352 contemptui
857 3276 906 3332 est
926 3265 1064 3348 habitus,
1086 3267 1142 3352 qui
1158 3287 1268 3330 omnes

147 3352 183 3414 in
203 3352 302 3416 variis
324 3351 543 3417 voluntatibus
564 3351 717 3417 volebant
746 3373 873 3438 semper
901 3371 1046 3435 regnare,
1068 3351 1160 3414 iuxta
1181 3349 1268 3436 quod

147 3457 208 3522 per
221 3435 412 3522 prophetam
427 3437 506 3502 dicit
520 3437 691 3518 Dominus,
714 3435 872 3501 eiusmodi
886 3435 1048 3520 principes
1064 3431 1160 3498 simul
1174 3455 1267 3518 reges

148 3542 228 3585 esse.
258 3521 331 3606 Ipsi
345 3524 440 3604 enim,
462 3522 575 3608 inquit,
597 3529 821 3608 reposcerent
835 3530 864 3584 et
878 3543 945 3584 non
961 3541 1001 3582 ecc
1015 3541 1074 3600 rne,
1091 3520 1266 3602 principes
1278 3544 1394 3598 onear.

148 3607 332 3683 actiterunt,
355 3616 384 3669 et
405 3629 472 3670 non
500 3609 656 3691 ccpnovi;
680 3615 716 3668 ut
735 3603 824 3684 haec,
854 3605 997 3690 inquam,
1018 3611 1267 3688 praetereamus,

148 3710 224 3754 ecce
245 3711 304 3754 nos
326 3687 499 3775 aliquando
522 3689 659 3753 eundem
679 3689 912 3754 Herimannum
933 3687 1075 3751 vidimus
1097 3688 1131 3750 in
1153 3688 1266 3752 castris

148 3773 314 3839 Saxonum
337 3795 401 3837 non
422 3775 508 3858 regis
531 3773 597 3838 sive
619 3773 775 3858 principis
796 3772 867 3838 loeo
889 3771 1036 3852 militare,
1059 3793 1155 3858 quem
1169 3794 1210 3837 ne
1225 3771 1267 3836 ad

148 3857 308 3942 colloquia
341 3857 472 3944 quidem
504 3857 606 3942 princi
632 3879 686 3920 um
719 3858 944 3943 perspeximus
976 3857 1100 3937 venire3
1133 3865 1165 3921 et
1193 3877 1266 3920 eum

148 3941 337 4028 suppliciter
368 3963 442 4006 eum
473 3878 769 4027 interpellaremus⁸
805 3964 863 4027 pro
900 3941 1095 4006 imminentis
1132 3938 1267 4026 periculi

146 4027 348 4108 necessitate,
395 4047 436 4090 uo
458 4026 521 4092 iam
544 4026 672 4111 iamque
695 4025 876 4090 minabatur
900 4024 993 4089 nobis
1013 4024 1147 4089 vastitas
1169 4033 1267 4110 atque

148 4111 297 4176 contritio
326 4047 478 4176 sedlesiae
508 4121 646 4191 nostrae,
674 4109 851 4196 respondit,
874 4131 907 4174 se
928 4131 994 4173 non
1014 4129 1109 4195 posse
1130 4105 1183 4173 vel
1205 4107 1267 4173 sibi

147 4194 199 4260 vel
220 4195 314 4260 nobis
335 4195 495 4280 prodesse.
534 4195 633 4259 Primi
656 4216 732 4258 vero
755 4193 796 4259 de
816 4193 1018 4280 principibus
1041 4201 1132 4257 crant
1152 4192 1186 4255 in
1207 4193 1266 4258 eis-

148 4394 171 4446 ι)
188 4395 391 4445 interpellaremus·
407 4398 435 4446 13
450 4395 558 4438 fraterna
573 4395 698 4438 macore.
