<?xml version="1.0" encoding="UTF-8"?>
<!DOCTYPE html PUBLIC "-//W3C//DTD XHTML 1.0 Transitional//EN"
    "http://www.w3.org/TR/xhtml1/DTD/xhtml1-transitional.dtd">
<html xmlns="http://www.w3.org/1999/xhtml" xml:lang="en" lang="en">
 <head>
  <title>
</title>
<meta http-equiv="Content-Type" content="text/html;charset=utf-8" />
  <meta name='ocr-system' content='tesseract 3.04.00' />
  <meta name='ocr-capabilities' content='ocr_page ocr_carea ocr_par ocr_line ocrx_word'/>
</head>
<body>
  <div class='ocr_page' id='page_1' title='image "./waltramiutvidet01schwgoog_0248.png"; bbox 0 0 3098 4818; ppageno 0'>
   <div class='ocr_carea' id='block_1_1' title="bbox 296 305 1125 364">
    <p class='ocr_par' dir='ltr' id='par_1_1' title="bbox 296 305 1125 364">
     <span class='ocr_line' id='line_1_1' title="bbox 296 305 1125 364; baseline -0.011 0"><span class='ocrx_word' id='word_1_1' title='bbox 296 315 333 364; x_wconf 81' lang='grc'><strong>66</strong></span> <span class='ocrx_word' id='word_1_2' title='bbox 591 309 711 361; x_wconf 79' lang='lat' dir='ltr'>BRUNO</span> <span class='ocrx_word' id='word_1_3' title='bbox 729 309 779 360; x_wconf 85' lang='lat' dir='ltr'><strong>DE</strong></span> <span class='ocrx_word' id='word_1_4' title='bbox 799 307 918 358; x_wconf 84' lang='lat' dir='ltr'>BELLO</span> <span class='ocrx_word' id='word_1_5' title='bbox 937 305 1125 358; x_wconf 79' lang='lat' dir='ltr'>SAXONICO.</span> 
     </span>
    </p>
   </div>
   <div class='ocr_carea' id='block_1_2' title="bbox 158 473 1425 4263">
    <p class='ocr_par' dir='ltr' id='par_1_2' title="bbox 219 473 1423 797">
     <span class='ocr_line' id='line_1_2' title="bbox 219 473 1422 563; baseline -0.007 -19"><span class='ocrx_word' id='word_1_6' title='bbox 219 481 361 547; x_wconf 77' lang='lat' dir='ltr'><strong>rotasibi</strong></span> <span class='ocrx_word' id='word_1_7' title='bbox 382 501 457 544; x_wconf 88' lang='lat' dir='ltr'><strong>cum</strong></span> <span class='ocrx_word' id='word_1_8' title='bbox 477 478 580 563; x_wconf 91' lang='lat' dir='ltr'><strong>ipsius</strong></span> <span class='ocrx_word' id='word_1_9' title='bbox 594 498 752 542; x_wconf 88' lang='lat' dir='ltr'><strong>consensu</strong></span> <span class='ocrx_word' id='word_1_10' title='bbox 768 482 969 561; x_wconf 77' lang='lat' dir='ltr'><strong>quaererent,</strong></span> <span class='ocrx_word' id='word_1_11' title='bbox 991 473 1047 558; x_wconf 92' lang='lat' dir='ltr'><strong>qui</strong></span> <span class='ocrx_word' id='word_1_12' title='bbox 1061 493 1195 557; x_wconf 85' lang='lat' dir='ltr'><strong>regnare</strong></span> <span class='ocrx_word' id='word_1_13' title='bbox 1217 473 1322 538; x_wconf 88' lang='lat' dir='ltr'><strong>sciret.</strong></span> <span class='ocrx_word' id='word_1_14' title='bbox 1344 473 1422 536; x_wconf 85' lang='lat' dir='ltr'><strong>His</strong></span> 
     </span>
     <span class='ocr_line' id='line_1_3' title="bbox 297 555 1422 648; baseline -0.008 -18"><span class='ocrx_word' id='word_1_15' title='bbox 297 562 446 630; x_wconf 90' lang='lat' dir='ltr'><strong>omnibus</strong></span> <span class='ocrx_word' id='word_1_16' title='bbox 467 561 515 626; x_wconf 94' lang='lat' dir='ltr'><strong>ibi</strong></span> <span class='ocrx_word' id='word_1_17' title='bbox 536 562 691 648; x_wconf 78' lang='lat' dir='ltr'>peractis,</span> <span class='ocrx_word' id='word_1_18' title='bbox 720 559 881 626; x_wconf 87' lang='lat' dir='ltr'><strong>exercitus</strong></span> <span class='ocrx_word' id='word_1_19' title='bbox 908 566 980 621; x_wconf 88' lang='lat' dir='ltr'><strong>uter</strong></span> <span class='ocrx_word' id='word_1_20' title='bbox 1003 578 1044 620; x_wconf 90' lang='lat' dir='ltr'><strong>ue</strong></span> <span class='ocrx_word' id='word_1_21' title='bbox 1065 577 1139 619; x_wconf 90' lang='lat' dir='ltr'><strong>cum</strong></span> <span class='ocrx_word' id='word_1_22' title='bbox 1164 555 1265 620; x_wconf 90' lang='lat' dir='ltr'><strong>multa</strong></span> <span class='ocrx_word' id='word_1_23' title='bbox 1286 557 1422 622; x_wconf 86' lang='lat' dir='ltr'><strong>caritate</strong></span> 
     </span>
     <span class='ocr_line' id='line_1_4' title="bbox 297 639 1423 732; baseline -0.007 -19"><span class='ocrx_word' id='word_1_24' title='bbox 297 647 466 728; x_wconf 86' lang='lat' dir='ltr'><strong>dividitur,</strong></span> <span class='ocrx_word' id='word_1_25' title='bbox 493 655 526 710; x_wconf 90' lang='lat' dir='ltr'><strong>et</strong></span> <span class='ocrx_word' id='word_1_26' title='bbox 549 657 683 732; x_wconf 87' lang='lat' dir='ltr'><strong>uterque</strong></span> <span class='ocrx_word' id='word_1_27' title='bbox 711 642 892 729; x_wconf 82' lang='lat' dir='ltr'><strong>tripudians</strong></span> <span class='ocrx_word' id='word_1_28' title='bbox 921 651 954 705; x_wconf 90' lang='lat' dir='ltr'><strong>ct</strong></span> <span class='ocrx_word' id='word_1_29' title='bbox 1008 662 1046 705; x_wconf 88' lang='lat' dir='ltr'><strong>eo</strong></span> <span class='ocrx_word' id='word_1_30' title='bbox 1072 639 1184 705; x_wconf 90' lang='lat' dir='ltr'><strong>laudes</strong></span> <span class='ocrx_word' id='word_1_31' title='bbox 1214 649 1346 704; x_wconf 87' lang='lat' dir='ltr'><strong>cantans</strong></span> <span class='ocrx_word' id='word_1_32' title='bbox 1376 640 1423 705; x_wconf 92' lang='lat' dir='ltr'><strong>ad</strong></span> 
     </span>
     <span class='ocr_line' id='line_1_5' title="bbox 298 731 558 797; baseline -0.012 0"><span class='ocrx_word' id='word_1_33' title='bbox 298 754 358 797; x_wconf 89' lang='lat' dir='ltr'><strong>sua</strong></span> <span class='ocrx_word' id='word_1_34' title='bbox 378 731 558 795; x_wconf 88' lang='lat' dir='ltr'><strong>revertitur.</strong></span> 
     </span>
    </p>

    <p class='ocr_par' dir='ltr' id='par_1_3' title="bbox 222 809 1424 1654">
     <span class='ocr_line' id='line_1_6' title="bbox 222 809 1424 894; baseline 0.001 -23"><span class='ocrx_word' id='word_1_35' title='bbox 222 833 288 874; x_wconf 80' lang='lat' dir='ltr'><strong>rou.</strong></span> <span class='ocrx_word' id='word_1_36' title='bbox 383 815 434 880; x_wconf 88' lang='grc'><strong>89.</strong></span> <span class='ocrx_word' id='word_1_37' title='bbox 464 813 494 877; x_wconf 92' lang='grc' dir='ltr'>Α</span> <span class='ocrx_word' id='word_1_38' title='bbox 519 811 671 878; x_wconf 88' lang='lat' dir='ltr'><strong>ostolicus</strong></span> <span class='ocrx_word' id='word_1_39' title='bbox 685 821 792 877; x_wconf 86' lang='lat' dir='ltr'><strong>autem</strong></span> <span class='ocrx_word' id='word_1_40' title='bbox 804 831 889 891; x_wconf 90' lang='lat' dir='ltr'><strong>eum,</strong></span> <span class='ocrx_word' id='word_1_41' title='bbox 904 809 989 874; x_wconf 90' lang='lat' dir='ltr'><strong>siout</strong></span> <span class='ocrx_word' id='word_1_42' title='bbox 1002 816 1133 893; x_wconf 85' lang='lat' dir='ltr'><strong>rogatus</strong></span> <span class='ocrx_word' id='word_1_43' title='bbox 1144 817 1221 888; x_wconf 89' lang='lat' dir='ltr'><strong>erat,</strong></span> <span class='ocrx_word' id='word_1_44' title='bbox 1237 809 1424 894; x_wconf 78' lang='lat' dir='ltr'><strong>Augustam</strong></span> 
     </span>
     <span class='ocr_line' id='line_1_7' title="bbox 296 836 1423 979; baseline -0.005 -15"><span class='ocrx_word' id='word_1_45' title='bbox 296 919 410 964; x_wconf 88' lang='lat' dir='ltr'><strong>versus</strong></span> <span class='ocrx_word' id='word_1_46' title='bbox 431 836 585 978; x_wconf 78' lang='lat' dir='ltr'><strong>tendbret,</strong></span> <span class='ocrx_word' id='word_1_47' title='bbox 608 906 644 960; x_wconf 92' lang='lat' dir='ltr'><strong>ut</strong></span> <span class='ocrx_word' id='word_1_48' title='bbox 664 895 711 960; x_wconf 92' lang='lat' dir='ltr'><strong>ibi</strong></span> <span class='ocrx_word' id='word_1_49' title='bbox 731 893 931 979; x_wconf 81' lang='lat' dir='ltr'><strong>ingrediente</strong></span> <span class='ocrx_word' id='word_1_50' title='bbox 946 892 1134 973; x_wconf 81' lang='lat' dir='ltr'><strong>Februario,</strong></span> <span class='ocrx_word' id='word_1_51' title='bbox 1157 892 1213 978; x_wconf 93' lang='lat' dir='ltr'><strong>qui</strong></span> <span class='ocrx_word' id='word_1_52' title='bbox 1234 901 1303 957; x_wconf 88' lang='lat' dir='ltr'><strong>erat</strong></span> <span class='ocrx_word' id='word_1_53' title='bbox 1316 913 1423 958; x_wconf 88' lang='lat' dir='ltr'><strong>annus</strong></span> 
     </span>
     <span class='ocr_line' id='line_1_8' title="bbox 287 975 1423 1065; baseline -0.005 -17"><span class='ocrx_word' id='word_1_54' title='bbox 287 979 433 1048; x_wconf 74' lang='lat' dir='ltr'><strong>&#39;Domini</strong></span> <span class='ocrx_word' id='word_1_55' title='bbox 449 982 540 1064; x_wconf 77' lang='lat'><strong>1077,</strong></span> <span class='ocrx_word' id='word_1_56' title='bbox 562 982 646 1046; x_wconf 90' lang='lat' dir='ltr'><strong>sicut</strong></span> <span class='ocrx_word' id='word_1_57' title='bbox 664 979 830 1065; x_wconf 79' lang='lat' dir='ltr'><strong>placuerat</strong></span> <span class='ocrx_word' id='word_1_58' title='bbox 842 977 1043 1064; x_wconf 88' lang='lat' dir='ltr'><strong>principibus</strong></span> <span class='ocrx_word' id='word_1_59' title='bbox 1057 975 1193 1057; x_wconf 84' lang='lat' dir='ltr'><strong>adesset,</strong></span> <span class='ocrx_word' id='word_1_60' title='bbox 1215 989 1247 1042; x_wconf 90' lang='lat' dir='ltr'><strong>et</strong></span> <span class='ocrx_word' id='word_1_61' title='bbox 1260 986 1423 1042; x_wconf 87' lang='lat' dir='ltr'><strong>nostrates</strong></span> 
     </span>
     <span class='ocr_line' id='line_1_9' title="bbox 296 1059 1423 1146; baseline -0.005 -15"><span class='ocrx_word' id='word_1_62' title='bbox 296 1065 372 1131; x_wconf 89' lang='lat' dir='ltr'><strong>illuc</strong></span> <span class='ocrx_word' id='word_1_63' title='bbox 394 1076 527 1131; x_wconf 86' lang='lat' dir='ltr'><strong>econtra</strong></span> <span class='ocrx_word' id='word_1_64' title='bbox 551 1066 661 1130; x_wconf 87' lang='lat' dir='ltr'><strong>venire</strong></span> <span class='ocrx_word' id='word_1_65' title='bbox 686 1064 887 1142; x_wconf 84' lang='lat' dir='ltr'><strong>festinarent,</strong></span> <span class='ocrx_word' id='word_1_66' title='bbox 915 1069 951 1125; x_wconf 88' lang='lat' dir='ltr'><strong>ut</strong></span> <span class='ocrx_word' id='word_1_67' title='bbox 971 1059 1125 1124; x_wconf 90' lang='lat' dir='ltr'><strong>domnum</strong></span> <span class='ocrx_word' id='word_1_68' title='bbox 1146 1080 1266 1146; x_wconf 88' lang='lat' dir='ltr'><strong>papam</strong></span> <span class='ocrx_word' id='word_1_69' title='bbox 1287 1083 1423 1125; x_wconf 88' lang='lat' dir='ltr'><strong>venera-</strong></span> 
     </span>
     <span class='ocr_line' id='line_1_10' title="bbox 297 1143 1422 1232; baseline -0.008 -15"><span class='ocrx_word' id='word_1_70' title='bbox 297 1149 405 1217; x_wconf 87' lang='lat' dir='ltr'><strong>biliter</strong></span> <span class='ocrx_word' id='word_1_71' title='bbox 431 1151 515 1214; x_wconf 92' lang='lat' dir='ltr'><strong>sicut</strong></span> <span class='ocrx_word' id='word_1_72' title='bbox 543 1148 679 1214; x_wconf 85' lang='lat' dir='ltr'><strong>decebat</strong></span> <span class='ocrx_word' id='word_1_73' title='bbox 706 1148 906 1232; x_wconf 84' lang='lat' dir='ltr'><strong>acciperent,</strong></span> <span class='ocrx_word' id='word_1_74' title='bbox 938 1166 1014 1208; x_wconf 89' lang='lat' dir='ltr'><strong>ecce</strong></span> <span class='ocrx_word' id='word_1_75' title='bbox 1040 1144 1205 1208; x_wconf 90' lang='lat' dir='ltr'><strong>nuntiatur</strong></span> <span class='ocrx_word' id='word_1_76' title='bbox 1230 1143 1422 1230; x_wconf 87' lang='lat' dir='ltr'><strong>apostolico,</strong></span> 
     </span>
     <span class='ocr_line' id='line_1_11' title="bbox 297 1228 1423 1317; baseline -0.004 -19"><span class='ocrx_word' id='word_1_77' title='bbox 297 1234 490 1300; x_wconf 89' lang='lat' dir='ltr'><strong>Heinricum</strong></span> <span class='ocrx_word' id='word_1_78' title='bbox 512 1253 586 1297; x_wconf 92' lang='lat' dir='ltr'><strong>cum</strong></span> <span class='ocrx_word' id='word_1_79' title='bbox 608 1253 725 1317; x_wconf 86' lang='lat' dir='ltr'><strong>magno</strong></span> <span class='ocrx_word' id='word_1_80' title='bbox 748 1231 894 1296; x_wconf 86' lang='lat' dir='ltr'><strong>exercitu</strong></span> <span class='ocrx_word' id='word_1_81' title='bbox 915 1228 1042 1293; x_wconf 87' lang='lat' dir='ltr'><strong>Italiam</strong></span> <span class='ocrx_word' id='word_1_82' title='bbox 1070 1229 1220 1309; x_wconf 88' lang='lat' dir='ltr'><strong>intrasse,</strong></span> <span class='ocrx_word' id='word_1_83' title='bbox 1247 1239 1279 1294; x_wconf 88' lang='lat' dir='ltr'><strong>et</strong></span> <span class='ocrx_word' id='word_1_84' title='bbox 1299 1229 1359 1292; x_wconf 91' lang='lat' dir='ltr'><strong>sii</strong></span> <span class='ocrx_word' id='word_1_85' title='bbox 1385 1251 1423 1294; x_wconf 87' lang='lat' dir='ltr'><strong>se</strong></span> 
     </span>
     <span class='ocr_line' id='line_1_12' title="bbox 298 1251 1423 1398; baseline -0.005 -15"><span class='ocrx_word' id='word_1_86' title='bbox 298 1329 424 1384; x_wconf 89' lang='lat' dir='ltr'><strong>montes</strong></span> <span class='ocrx_word' id='word_1_87' title='bbox 452 1319 537 1382; x_wconf 90' lang='lat' dir='ltr'><strong>siout</strong></span> <span class='ocrx_word' id='word_1_88' title='bbox 556 1315 685 1381; x_wconf 87' lang='lat' dir='ltr'><strong>volebat</strong></span> <span class='ocrx_word' id='word_1_89' title='bbox 706 1314 969 1394; x_wconf 89' lang='lat' dir='ltr'><strong>transcendisset,</strong></span> <span class='ocrx_word' id='word_1_90' title='bbox 996 1312 1093 1377; x_wconf 88' lang='lat' dir='ltr'><strong>alium</strong></span> <span class='ocrx_word' id='word_1_91' title='bbox 1122 1333 1240 1398; x_wconf 89' lang='lat' dir='ltr'><strong>papam</strong></span> <span class='ocrx_word' id='word_1_92' title='bbox 1262 1334 1321 1398; x_wconf 91' lang='lat' dir='ltr'><strong>pro</strong></span> <span class='ocrx_word' id='word_1_93' title='bbox 1344 1251 1423 1377; x_wconf 66' lang='lat' dir='ltr'><strong>idoa</strong></span> 
     </span>
     <span class='ocr_line' id='line_1_13' title="bbox 297 1395 1422 1498; baseline -0.006 -31"><span class='ocrx_word' id='word_1_94' title='bbox 297 1403 493 1468; x_wconf 87' lang='lat' dir='ltr'><strong>constituere</strong></span> <span class='ocrx_word' id='word_1_95' title='bbox 503 1399 596 1465; x_wconf 88' lang='lat' dir='ltr'><strong>velle.</strong></span> <span class='ocrx_word' id='word_1_96' title='bbox 632 1401 745 1498; x_wconf 80' lang='lat' dir='ltr'><strong>Itaque</strong></span> <span class='ocrx_word' id='word_1_97' title='bbox 755 1401 853 1463; x_wconf 85' lang='lat' dir='ltr'><strong>misso</strong></span> <span class='ocrx_word' id='word_1_98' title='bbox 863 1396 1016 1461; x_wconf 90' lang='lat' dir='ltr'><strong>velociter</strong></span> <span class='ocrx_word' id='word_1_99' title='bbox 1025 1397 1143 1461; x_wconf 88' lang='lat' dir='ltr'><strong>nostris</strong></span> <span class='ocrx_word' id='word_1_100' title='bbox 1159 1395 1289 1460; x_wconf 87' lang='lat' dir='ltr'><strong>obviam</strong></span> <span class='ocrx_word' id='word_1_101' title='bbox 1303 1395 1332 1462; x_wconf 91' lang='lat' dir='ltr'><strong>le</strong></span> <span class='ocrx_word' id='word_1_102' title='bbox 1355 1406 1422 1479; x_wconf 87' lang='lat' dir='ltr'><strong>ato,</strong></span> 
     </span>
     <span class='ocr_line' id='line_1_14' title="bbox 297 1481 1423 1572; baseline -0.004 -22"><span class='ocrx_word' id='word_1_103' title='bbox 297 1488 368 1572; x_wconf 90' lang='lat' dir='ltr'><strong>ipse</strong></span> <span class='ocrx_word' id='word_1_104' title='bbox 395 1487 494 1550; x_wconf 89' lang='lat' dir='ltr'><strong>tristis</strong></span> <span class='ocrx_word' id='word_1_105' title='bbox 521 1487 619 1548; x_wconf 94' lang='lat' dir='ltr'><strong>immo</strong></span> <span class='ocrx_word' id='word_1_106' title='bbox 649 1483 731 1547; x_wconf 64' lang='lat' dir='ltr'><strong>sib1l</strong></span> <span class='ocrx_word' id='word_1_107' title='bbox 760 1482 859 1547; x_wconf 86' lang='lat' dir='ltr'><strong>multa</strong></span> <span class='ocrx_word' id='word_1_108' title='bbox 884 1484 1002 1546; x_wconf 90' lang='lat' dir='ltr'><strong>timens</strong></span> <span class='ocrx_word' id='word_1_109' title='bbox 1029 1481 1214 1562; x_wconf 83' lang='lat' dir='ltr'><strong>revertitur,</strong></span> <span class='ocrx_word' id='word_1_110' title='bbox 1236 1481 1309 1546; x_wconf 91' lang='lat' dir='ltr'><strong>utl</strong></span> <span class='ocrx_word' id='word_1_111' title='bbox 1354 1481 1423 1546; x_wconf 91' lang='lat' dir='ltr'><strong>iam</strong></span> 
     </span>
     <span class='ocr_line' id='line_1_15' title="bbox 299 1569 757 1654; baseline -0.007 -20"><span class='ocrx_word' id='word_1_112' title='bbox 299 1592 320 1634; x_wconf 87' lang='lat' dir='ltr'><strong>a</strong></span> <span class='ocrx_word' id='word_1_113' title='bbox 341 1569 449 1654; x_wconf 84' lang='lat' dir='ltr'><strong>gladio</strong></span> <span class='ocrx_word' id='word_1_114' title='bbox 471 1579 503 1633; x_wconf 88' lang='lat' dir='ltr'><strong>et</strong></span> <span class='ocrx_word' id='word_1_115' title='bbox 524 1571 600 1654; x_wconf 86' lang='lat' dir='ltr'><strong>igne</strong></span> <span class='ocrx_word' id='word_1_116' title='bbox 621 1577 757 1632; x_wconf 86' lang='lat' dir='ltr'><strong>tueatur.</strong></span> 
     </span>
    </p>

    <p class='ocr_par' dir='ltr' id='par_1_4' title="bbox 158 1648 1424 2156">
     <span class='ocr_line' id='line_1_16' title="bbox 158 1648 1422 1734; baseline -0.003 -17"><span class='ocrx_word' id='word_1_117' title='bbox 158 1681 165 1690; x_wconf 93' lang='lat'><strong>·</strong></span> <span class='ocrx_word' id='word_1_118' title='bbox 382 1652 434 1716; x_wconf 88' lang='grc'><strong>90.</strong></span> <span class='ocrx_word' id='word_1_119' title='bbox 478 1652 651 1716; x_wconf 89' lang='lat' dir='ltr'><strong>Heinricus</strong></span> <span class='ocrx_word' id='word_1_120' title='bbox 665 1661 774 1716; x_wconf 88' lang='lat' dir='ltr'><strong>autem</strong></span> <span class='ocrx_word' id='word_1_121' title='bbox 831 1648 987 1714; x_wconf 86' lang='lat' dir='ltr'><strong>rltaliam</strong></span> <span class='ocrx_word' id='word_1_122' title='bbox 1001 1671 1124 1734; x_wconf 84' lang='lat' dir='ltr'><strong>vagans</strong></span> <span class='ocrx_word' id='word_1_123' title='bbox 1138 1648 1221 1731; x_wconf 93' lang='lat' dir='ltr'><strong>loco,</strong></span> <span class='ocrx_word' id='word_1_124' title='bbox 1243 1649 1299 1714; x_wconf 91' lang='lat' dir='ltr'><strong>sed</strong></span> <span class='ocrx_word' id='word_1_125' title='bbox 1314 1650 1422 1734; x_wconf 88' lang='lat' dir='ltr'><strong>magis</strong></span> 
     </span>
     <span class='ocr_line' id='line_1_17' title="bbox 298 1733 1422 1880; baseline -0.004 -79"><span class='ocrx_word' id='word_1_126' title='bbox 298 1738 423 1818; x_wconf 88' lang='lat' dir='ltr'><strong>animo,</strong></span> <span class='ocrx_word' id='word_1_127' title='bbox 445 1736 523 1823; x_wconf 88' lang='lat' dir='ltr'><strong>quid</strong></span> <span class='ocrx_word' id='word_1_128' title='bbox 544 1745 655 1822; x_wconf 86' lang='lat' dir='ltr'><strong>ageret</strong></span> <span class='ocrx_word' id='word_1_129' title='bbox 675 1736 783 1800; x_wconf 83' lang='lat' dir='ltr'><strong>nescia</strong></span> <span class='ocrx_word' id='word_1_130' title='bbox 807 1745 854 1816; x_wconf 87' lang='lat' dir='ltr'><strong>at,</strong></span> <span class='ocrx_word' id='word_1_131' title='bbox 877 1735 954 1819; x_wconf 92' lang='lat' dir='ltr'><strong>quia</strong></span> <span class='ocrx_word' id='word_1_132' title='bbox 975 1733 1131 1820; x_wconf 90' lang='lat' dir='ltr'><strong>quicquid</strong></span> <span class='ocrx_word' id='word_1_133' title='bbox 1152 1742 1262 1880; x_wconf 45' lang='lat' dir='ltr'><strong>afflaret</strong></span> <span class='ocrx_word' id='word_1_134' title='bbox 1282 1755 1422 1820; x_wconf 86' lang='lat' dir='ltr'><strong>regnum</strong></span> 
     </span>
     <span class='ocr_line' id='line_1_18' title="bbox 298 1815 1423 1908; baseline -0.002 -23"><span class='ocrx_word' id='word_1_135' title='bbox 298 1821 434 1908; x_wconf 89' lang='lat' dir='ltr'><strong>perdere</strong></span> <span class='ocrx_word' id='word_1_136' title='bbox 457 1819 601 1886; x_wconf 84' lang='lat' dir='ltr'><strong>timebat.</strong></span> <span class='ocrx_word' id='word_1_137' title='bbox 635 1819 708 1884; x_wconf 89' lang='lat' dir='ltr'><strong>Nisi</strong></span> <span class='ocrx_word' id='word_1_138' title='bbox 730 1819 815 1884; x_wconf 91' lang='lat' dir='ltr'><strong>enim</strong></span> <span class='ocrx_word' id='word_1_139' title='bbox 836 1815 975 1903; x_wconf 87' lang='lat' dir='ltr'><strong>supplex</strong></span> <span class='ocrx_word' id='word_1_140' title='bbox 997 1816 1039 1882; x_wconf 92' lang='lat' dir='ltr'><strong>ad</strong></span> <span class='ocrx_word' id='word_1_141' title='bbox 1060 1827 1174 1904; x_wconf 87' lang='lat' dir='ltr'><strong>aposto</strong></span> <span class='ocrx_word' id='word_1_142' title='bbox 1189 1818 1274 1882; x_wconf 90' lang='lat' dir='ltr'><strong>&#39;cum</strong></span> <span class='ocrx_word' id='word_1_143' title='bbox 1295 1817 1423 1883; x_wconf 86' lang='lat' dir='ltr'><strong>veniret</strong></span> 
     </span>
     <span class='ocr_line' id='line_1_19' title="bbox 299 1902 1424 1990; baseline -0.004 -20"><span class='ocrx_word' id='word_1_144' title='bbox 299 1915 332 1970; x_wconf 90' lang='lat' dir='ltr'><strong>et</strong></span> <span class='ocrx_word' id='word_1_145' title='bbox 345 1927 404 1990; x_wconf 91' lang='lat' dir='ltr'><strong>per</strong></span> <span class='ocrx_word' id='word_1_146' title='bbox 418 1926 492 1968; x_wconf 90' lang='lat' dir='ltr'><strong>eum</strong></span> <span class='ocrx_word' id='word_1_147' title='bbox 507 1903 630 1969; x_wconf 89' lang='lat' dir='ltr'><strong>solutus</strong></span> <span class='ocrx_word' id='word_1_148' title='bbox 644 1925 664 1968; x_wconf 89' lang='lat' dir='ltr'><strong>a</strong></span> <span class='ocrx_word' id='word_1_149' title='bbox 678 1903 784 1969; x_wconf 91' lang='lat' dir='ltr'><strong>banno</strong></span> <span class='ocrx_word' id='word_1_150' title='bbox 799 1902 921 1982; x_wconf 89' lang='lat' dir='ltr'><strong>fuisset,</strong></span> <span class='ocrx_word' id='word_1_151' title='bbox 935 1923 1072 1986; x_wconf 87' lang='lat' dir='ltr'><strong>regnum</strong></span> <span class='ocrx_word' id='word_1_152' title='bbox 1087 1924 1121 1966; x_wconf 92' lang='lat' dir='ltr'><strong>se</strong></span> <span class='ocrx_word' id='word_1_153' title='bbox 1135 1923 1201 1966; x_wconf 92' lang='lat' dir='ltr'><strong>non</strong></span> <span class='ocrx_word' id='word_1_154' title='bbox 1216 1911 1424 1986; x_wconf 87' lang='lat' dir='ltr'><strong>recepturum</strong></span> 
     </span>
     <span class='ocr_line' id='line_1_20' title="bbox 298 1985 1423 2085; baseline -0.004 -31"><span class='ocrx_word' id='word_1_155' title='bbox 298 1999 460 2076; x_wconf 87' lang='lat' dir='ltr'><strong>procerte</strong></span> <span class='ocrx_word' id='word_1_156' title='bbox 476 1987 608 2053; x_wconf 83' lang='lat' dir='ltr'><strong>sciebat</strong></span> <span class='ocrx_word' id='word_1_157' title='bbox 652 1989 688 2051; x_wconf 82' lang='lat' dir='ltr'><strong>Si</strong></span> <span class='ocrx_word' id='word_1_158' title='bbox 702 2009 779 2052; x_wconf 87' lang='lat' dir='ltr'><strong>vero</strong></span> <span class='ocrx_word' id='word_1_159' title='bbox 802 2009 840 2050; x_wconf 89' lang='lat' dir='ltr'><strong>su</strong></span> <span class='ocrx_word' id='word_1_160' title='bbox 861 1985 941 2085; x_wconf 87' lang='lat' dir='ltr'><strong>plex</strong></span> <span class='ocrx_word' id='word_1_161' title='bbox 958 1985 1001 2049; x_wconf 87' lang='lat' dir='ltr'><strong>ad</strong></span> <span class='ocrx_word' id='word_1_162' title='bbox 1022 1985 1272 2050; x_wconf 79' lang='lat' dir='ltr'><strong>satisfactionem</strong></span> <span class='ocrx_word' id='word_1_163' title='bbox 1286 1987 1423 2068; x_wconf 87' lang='lat' dir='ltr'><strong>veniret,</strong></span> 
     </span>
     <span class='ocr_line' id='line_1_21' title="bbox 298 2008 1424 2156; baseline -0.004 -20"><span class='ocrx_word' id='word_1_164' title='bbox 298 2071 442 2154; x_wconf 87' lang='lat' dir='ltr'><strong>timebat,</strong></span> <span class='ocrx_word' id='word_1_165' title='bbox 464 2095 505 2136; x_wconf 89' lang='lat' dir='ltr'><strong>ne</strong></span> <span class='ocrx_word' id='word_1_166' title='bbox 527 2072 588 2137; x_wconf 89' lang='lat' dir='ltr'><strong>sibi</strong></span> <span class='ocrx_word' id='word_1_167' title='bbox 609 2093 668 2156; x_wconf 93' lang='lat' dir='ltr'><strong>pro</strong></span> <span class='ocrx_word' id='word_1_168' title='bbox 690 2093 743 2134; x_wconf 87' lang='lat' dir='ltr'><strong>ma</strong></span> <span class='ocrx_word' id='word_1_169' title='bbox 768 2008 911 2134; x_wconf 80' lang='lat' dir='ltr'><strong>nitudme</strong></span> <span class='ocrx_word' id='word_1_170' title='bbox 927 2069 1096 2134; x_wconf 89' lang='lat' dir='ltr'><strong>criminum</strong></span> <span class='ocrx_word' id='word_1_171' title='bbox 1116 2092 1251 2154; x_wconf 87' lang='lat' dir='ltr'><strong>regnum</strong></span> <span class='ocrx_word' id='word_1_172' title='bbox 1273 2069 1424 2155; x_wconf 86' lang='lat' dir='ltr'><strong>pontifex</strong></span> 
     </span>
    </p>

    <p class='ocr_par' dir='ltr' id='par_1_5' title="bbox 187 2093 1425 4088">
     <span class='ocr_line' id='line_1_22' title="bbox 187 2093 1423 2240; baseline 0 -21"><span class='ocrx_word' id='word_1_173' title='bbox 187 2173 290 2230; x_wconf 59' lang='lat' dir='ltr'><strong>*ussa</strong></span> <span class='ocrx_word' id='word_1_174' title='bbox 299 2157 451 2237; x_wconf 80' lang='lat' dir='ltr'><strong>auferret,</strong></span> <span class='ocrx_word' id='word_1_175' title='bbox 481 2155 533 2220; x_wconf 91' lang='lat' dir='ltr'><strong>vel</strong></span> <span class='ocrx_word' id='word_1_176' title='bbox 557 2155 619 2219; x_wconf 90' lang='lat' dir='ltr'><strong>sibi</strong></span> <span class='ocrx_word' id='word_1_177' title='bbox 647 2093 845 2220; x_wconf 78' lang='lat' dir='ltr'><strong>inobedienti</strong></span> <span class='ocrx_word' id='word_1_178' title='bbox 865 2153 994 2218; x_wconf 88' lang='lat' dir='ltr'><strong>vincula</strong></span> <span class='ocrx_word' id='word_1_179' title='bbox 1017 2155 1184 2239; x_wconf 84' lang='lat' dir='ltr'><strong>potestatis</strong></span> <span class='ocrx_word' id='word_1_180' title='bbox 1206 2151 1423 2240; x_wconf 85' lang='lat' dir='ltr'><strong>apostolicae*</strong></span> 
     </span>
     <span class='ocr_line' id='line_1_23' title="bbox 300 2237 1424 2326; baseline -0.002 -22"><span class='ocrx_word' id='word_1_181' title='bbox 300 2239 486 2326; x_wconf 88' lang='lat' dir='ltr'><strong>duplicaret.</strong></span> <span class='ocrx_word' id='word_1_182' title='bbox 515 2239 604 2324; x_wconf 83' lang='lat' dir='ltr'><strong>Ergo</strong></span> <span class='ocrx_word' id='word_1_183' title='bbox 619 2239 653 2301; x_wconf 91' lang='lat' dir='ltr'><strong>in</strong></span> <span class='ocrx_word' id='word_1_184' title='bbox 668 2237 775 2302; x_wconf 91' lang='lat' dir='ltr'><strong>multis</strong></span> <span class='ocrx_word' id='word_1_185' title='bbox 791 2239 874 2302; x_wconf 87' lang='lat' dir='ltr'><strong>curis</strong></span> <span class='ocrx_word' id='word_1_186' title='bbox 888 2239 923 2301; x_wconf 90' lang='lat' dir='ltr'><strong>in</strong></span> <span class='ocrx_word' id='word_1_187' title='bbox 934 2237 1061 2302; x_wconf 89' lang='lat' dir='ltr'><strong>diversa</strong></span> <span class='ocrx_word' id='word_1_188' title='bbox 1072 2237 1235 2304; x_wconf 89' lang='lat' dir='ltr'><strong>dividitur.</strong></span> <span class='ocrx_word' id='word_1_189' title='bbox 1263 2238 1424 2318; x_wconf 79' lang='lat' dir='ltr'><strong>Quamvis</strong></span> 
     </span>
     <span class='ocr_line' id='line_1_24' title="bbox 299 2321 1423 2409; baseline -0.001 -22"><span class='ocrx_word' id='word_1_190' title='bbox 299 2334 408 2388; x_wconf 88' lang='lat' dir='ltr'><strong>autem</strong></span> <span class='ocrx_word' id='word_1_191' title='bbox 422 2334 558 2409; x_wconf 88' lang='lat' dir='ltr'><strong>utroque</strong></span> <span class='ocrx_word' id='word_1_192' title='bbox 573 2322 669 2386; x_wconf 92' lang='lat' dir='ltr'><strong>modo</strong></span> <span class='ocrx_word' id='word_1_193' title='bbox 679 2345 713 2386; x_wconf 91' lang='lat' dir='ltr'><strong>se</strong></span> <span class='ocrx_word' id='word_1_194' title='bbox 727 2321 888 2408; x_wconf 90' lang='lat' dir='ltr'><strong>perditum</strong></span> <span class='ocrx_word' id='word_1_195' title='bbox 901 2330 933 2386; x_wconf 92' lang='lat' dir='ltr'><strong>et</strong></span> <span class='ocrx_word' id='word_1_196' title='bbox 951 2323 1149 2407; x_wconf 79' lang='lat' dir='ltr'><strong>periturum⁰</strong></span> <span class='ocrx_word' id='word_1_197' title='bbox 1167 2342 1234 2386; x_wconf 92' lang='lat' dir='ltr'><strong>non</strong></span> <span class='ocrx_word' id='word_1_198' title='bbox 1251 2321 1423 2404; x_wconf 89' lang='lat' dir='ltr'><strong>dubitaret,</strong></span> 
     </span>
     <span class='ocr_line' id='line_1_25' title="bbox 299 2403 1422 2492; baseline -0.003 -19"><span class='ocrx_word' id='word_1_199' title='bbox 299 2417 408 2472; x_wconf 84' lang='lat' dir='ltr'><strong>tamen</strong></span> <span class='ocrx_word' id='word_1_200' title='bbox 430 2405 516 2470; x_wconf 89' lang='lat' dir='ltr'><strong>illam</strong></span> <span class='ocrx_word' id='word_1_201' title='bbox 538 2417 672 2492; x_wconf 88' lang='lat' dir='ltr'><strong>partem,</strong></span> <span class='ocrx_word' id='word_1_202' title='bbox 693 2407 726 2470; x_wconf 90' lang='lat' dir='ltr'><strong>in</strong></span> <span class='ocrx_word' id='word_1_203' title='bbox 749 2427 812 2492; x_wconf 89' lang='lat' dir='ltr'><strong>qua</strong></span> <span class='ocrx_word' id='word_1_204' title='bbox 826 2405 949 2492; x_wconf 86' lang='lat' dir='ltr'><strong>aliquid</strong></span> <span class='ocrx_word' id='word_1_205' title='bbox 970 2407 1041 2492; x_wconf 89' lang='lat' dir='ltr'><strong>spei</strong></span> <span class='ocrx_word' id='word_1_206' title='bbox 1055 2428 1125 2470; x_wconf 89' lang='lat' dir='ltr'><strong>ease</strong></span> <span class='ocrx_word' id='word_1_207' title='bbox 1140 2403 1285 2490; x_wconf 84' lang='lat' dir='ltr'><strong>putabat,</strong></span> <span class='ocrx_word' id='word_1_208' title='bbox 1307 2404 1422 2491; x_wconf 84' lang='lat' dir='ltr'><strong>elegit3</strong></span> 
     </span>
     <span class='ocr_line' id='line_1_26' title="bbox 300 2489 1422 2577; baseline -0.002 -21"><span class='ocrx_word' id='word_1_209' title='bbox 300 2501 333 2556; x_wconf 89' lang='lat' dir='ltr'><strong>ct</strong></span> <span class='ocrx_word' id='word_1_210' title='bbox 352 2490 453 2554; x_wconf 87' lang='lat' dir='ltr'><strong>laneis</strong></span> <span class='ocrx_word' id='word_1_211' title='bbox 475 2489 606 2555; x_wconf 92' lang='lat' dir='ltr'><strong>indutus</strong></span> <span class='ocrx_word' id='word_1_212' title='bbox 627 2490 722 2554; x_wconf 90' lang='lat' dir='ltr'><strong>nudis</strong></span> <span class='ocrx_word' id='word_1_213' title='bbox 744 2489 882 2577; x_wconf 89' lang='lat' dir='ltr'><strong>pedibus</strong></span> <span class='ocrx_word' id='word_1_214' title='bbox 897 2489 940 2554; x_wconf 92' lang='lat' dir='ltr'><strong>ad</strong></span> <span class='ocrx_word' id='word_1_215' title='bbox 961 2489 1173 2575; x_wconf 88' lang='lat' dir='ltr'><strong>apostolicum</strong></span> <span class='ocrx_word' id='word_1_216' title='bbox 1187 2491 1285 2572; x_wconf 80' lang='lat' dir='ltr'><strong>venit,</strong></span> <span class='ocrx_word' id='word_1_217' title='bbox 1308 2489 1422 2554; x_wconf 88' lang='lat' dir='ltr'><strong>dicens</strong></span> 
     </span>
     <span class='ocr_line' id='line_1_27' title="bbox 299 2573 1424 2660; baseline -0.002 -18"><span class='ocrx_word' id='word_1_218' title='bbox 299 2597 334 2642; x_wconf 88' lang='lat' dir='ltr'><strong>se</strong></span> <span class='ocrx_word' id='word_1_219' title='bbox 366 2574 438 2660; x_wconf 89' lang='lat' dir='ltr'><strong>plus</strong></span> <span class='ocrx_word' id='word_1_220' title='bbox 469 2595 577 2640; x_wconf 87' lang='lat' dir='ltr'><strong>amare</strong></span> <span class='ocrx_word' id='word_1_221' title='bbox 608 2597 743 2660; x_wconf 85' lang='lat' dir='ltr'><strong>regnum</strong></span> <span class='ocrx_word' id='word_1_222' title='bbox 776 2573 913 2639; x_wconf 88' lang='lat' dir='ltr'><strong>coeleste</strong></span> <span class='ocrx_word' id='word_1_223' title='bbox 945 2595 1043 2659; x_wconf 85' lang='lat' dir='ltr'><strong>quam</strong></span> <span class='ocrx_word' id='word_1_224' title='bbox 1076 2583 1252 2655; x_wconf 86' lang='lat' dir='ltr'><strong>terrenum,</strong></span> <span class='ocrx_word' id='word_1_225' title='bbox 1284 2585 1316 2638; x_wconf 89' lang='lat' dir='ltr'><strong>ct</strong></span> <span class='ocrx_word' id='word_1_226' title='bbox 1347 2574 1424 2640; x_wconf 90' lang='lat' dir='ltr'><strong>ideo</strong></span> 
     </span>
     <span class='ocr_line' id='line_1_28' title="bbox 297 2656 1425 2746; baseline -0.002 -22"><span class='ocrx_word' id='word_1_227' title='bbox 297 2659 527 2746; x_wconf 89' lang='lat' dir='ltr'><strong>poenitentiam</strong></span> <span class='ocrx_word' id='word_1_228' title='bbox 549 2680 774 2746; x_wconf 91' lang='lat' dir='ltr'><strong>quamcunque</strong></span> <span class='ocrx_word' id='word_1_229' title='bbox 796 2658 858 2722; x_wconf 92' lang='lat' dir='ltr'><strong>sibi</strong></span> <span class='ocrx_word' id='word_1_230' title='bbox 879 2657 975 2723; x_wconf 89' lang='lat' dir='ltr'><strong>vellet</strong></span> <span class='ocrx_word' id='word_1_231' title='bbox 994 2659 1170 2743; x_wconf 89' lang='lat' dir='ltr'><strong>imponere,</strong></span> <span class='ocrx_word' id='word_1_232' title='bbox 1202 2681 1237 2722; x_wconf 92' lang='lat' dir='ltr'><strong>se</strong></span> <span class='ocrx_word' id='word_1_233' title='bbox 1259 2656 1425 2722; x_wconf 87' lang='lat' dir='ltr'><strong>humiliter</strong></span> 
     </span>
     <span class='ocr_line' id='line_1_29' title="bbox 298 2741 1423 2843; baseline -0.001 -35"><span class='ocrx_word' id='word_1_234' title='bbox 298 2752 531 2829; x_wconf 90' lang='lat' dir='ltr'><strong>suscepturum.</strong></span> <span class='ocrx_word' id='word_1_235' title='bbox 568 2741 774 2843; x_wconf 85' lang='lat' dir='ltr'><strong>Apostolicus</strong></span> <span class='ocrx_word' id='word_1_236' title='bbox 789 2764 865 2808; x_wconf 89' lang='lat' dir='ltr'><strong>vero</strong></span> <span class='ocrx_word' id='word_1_237' title='bbox 888 2742 929 2807; x_wconf 92' lang='lat' dir='ltr'><strong>de</strong></span> <span class='ocrx_word' id='word_1_238' title='bbox 950 2743 1031 2808; x_wconf 85' lang='lat' dir='ltr'><strong>tanti</strong></span> <span class='ocrx_word' id='word_1_239' title='bbox 1049 2743 1110 2806; x_wconf 89' lang='lat' dir='ltr'><strong>viri</strong></span> <span class='ocrx_word' id='word_1_240' title='bbox 1131 2751 1220 2808; x_wconf 87' lang='lat' dir='ltr'><strong>tanta</strong></span> <span class='ocrx_word' id='word_1_241' title='bbox 1240 2741 1423 2807; x_wconf 84' lang='lat' dir='ltr'><strong>humilitate</strong></span> 
     </span>
     <span class='ocr_line' id='line_1_30' title="bbox 297 2825 1423 2914; baseline -0.003 -22"><span class='ocrx_word' id='word_1_242' title='bbox 297 2826 446 2907; x_wconf 88' lang='lat' dir='ltr'><strong>laetatus,</strong></span> <span class='ocrx_word' id='word_1_243' title='bbox 468 2837 633 2914; x_wconf 86' lang='lat' dir='ltr'><strong>praeoep1t</strong></span> <span class='ocrx_word' id='word_1_244' title='bbox 654 2829 683 2892; x_wconf 90' lang='lat' dir='ltr'><strong>ei</strong></span> <span class='ocrx_word' id='word_1_245' title='bbox 705 2838 741 2893; x_wconf 92' lang='lat' dir='ltr'><strong>ut</strong></span> <span class='ocrx_word' id='word_1_246' title='bbox 761 2825 925 2912; x_wconf 74' lang='lat' dir='ltr'><strong>regaleml</strong></span> <span class='ocrx_word' id='word_1_247' title='bbox 948 2837 1109 2909; x_wconf 90' lang='lat' dir='ltr'><strong>ornatum,</strong></span> <span class='ocrx_word' id='word_1_248' title='bbox 1133 2825 1236 2891; x_wconf 89' lang='lat' dir='ltr'><strong>donee</strong></span> <span class='ocrx_word' id='word_1_249' title='bbox 1258 2827 1328 2911; x_wconf 90' lang='lat' dir='ltr'><strong>ipsc</strong></span> <span class='ocrx_word' id='word_1_250' title='bbox 1391 2849 1423 2890; x_wconf 91' lang='lat' dir='ltr'><strong>r·</strong></span> 
     </span>
     <span class='ocr_line' id='line_1_31' title="bbox 298 2910 1422 2998; baseline 0.001 -24"><span class='ocrx_word' id='word_1_251' title='bbox 298 2913 451 2992; x_wconf 90' lang='lat' dir='ltr'><strong>mitteret,</strong></span> <span class='ocrx_word' id='word_1_252' title='bbox 486 2910 549 2974; x_wconf 91' lang='lat' dir='ltr'><strong>sibi</strong></span> <span class='ocrx_word' id='word_1_253' title='bbox 578 2933 645 2976; x_wconf 89' lang='lat' dir='ltr'><strong>non</strong></span> <span class='ocrx_word' id='word_1_254' title='bbox 679 2913 874 2998; x_wconf 88' lang='lat' dir='ltr'><strong>imponeret,</strong></span> <span class='ocrx_word' id='word_1_255' title='bbox 909 2920 1066 2996; x_wconf 91' lang='lat' dir='ltr'><strong>quatenus</strong></span> <span class='ocrx_word' id='word_1_256' title='bbox 1101 2911 1312 2995; x_wconf 90' lang='lat' dir='ltr'><strong>omnipotenti</strong></span> <span class='ocrx_word' id='word_1_257' title='bbox 1381 2931 1422 2975; x_wconf 88' lang='lat' dir='ltr'><strong>eo</strong></span> 
     </span>
     <span class='ocr_line' id='line_1_32' title="bbox 298 2993 1423 3082; baseline -0.002 -22"><span class='ocrx_word' id='word_1_258' title='bbox 298 2995 462 3080; x_wconf 87' lang='lat' dir='ltr'><strong>acceptior</strong></span> <span class='ocrx_word' id='word_1_259' title='bbox 483 3005 567 3059; x_wconf 89' lang='lat' dir='ltr'><strong>esset</strong></span> <span class='ocrx_word' id='word_1_260' title='bbox 589 2996 696 3060; x_wconf 91' lang='lat' dir='ltr'><strong>cordis</strong></span> <span class='ocrx_word' id='word_1_261' title='bbox 718 2996 787 3060; x_wconf 90' lang='lat' dir='ltr'><strong>eius</strong></span> <span class='ocrx_word' id='word_1_262' title='bbox 809 2997 968 3077; x_wconf 88' lang='lat' dir='ltr'><strong>contritio,</strong></span> <span class='ocrx_word' id='word_1_263' title='bbox 991 3016 1054 3082; x_wconf 90' lang='lat' dir='ltr'><strong>quo</strong></span> <span class='ocrx_word' id='word_1_264' title='bbox 1077 3015 1149 3059; x_wconf 87' lang='lat' dir='ltr'><strong>eam</strong></span> <span class='ocrx_word' id='word_1_265' title='bbox 1171 3005 1204 3058; x_wconf 91' lang='lat' dir='ltr'><strong>et</strong></span> <span class='ocrx_word' id='word_1_266' title='bbox 1223 2993 1301 3058; x_wconf 88' lang='lat' dir='ltr'><strong>foris</strong></span> <span class='ocrx_word' id='word_1_267' title='bbox 1316 3002 1423 3058; x_wconf 89' lang='lat' dir='ltr'><strong>osten·</strong></span> 
     </span>
     <span class='ocr_line' id='line_1_33' title="bbox 299 3077 1422 3164; baseline -0.001 -22"><span class='ocrx_word' id='word_1_268' title='bbox 299 3079 390 3142; x_wconf 90' lang='lat' dir='ltr'><strong>deret</strong></span> <span class='ocrx_word' id='word_1_269' title='bbox 417 3077 490 3141; x_wconf 88' lang='lat' dir='ltr'><strong>vilis</strong></span> <span class='ocrx_word' id='word_1_270' title='bbox 516 3077 645 3142; x_wconf 87' lang='lat' dir='ltr'><strong>habitus</strong></span> <span class='ocrx_word' id='word_1_271' title='bbox 672 3079 870 3162; x_wconf 90' lang='lat' dir='ltr'><strong>testimonio;</strong></span> <span class='ocrx_word' id='word_1_272' title='bbox 899 3089 931 3143; x_wconf 90' lang='lat' dir='ltr'><strong>et</strong></span> <span class='ocrx_word' id='word_1_273' title='bbox 962 3089 998 3144; x_wconf 91' lang='lat' dir='ltr'><strong>ut</strong></span> <span class='ocrx_word' id='word_1_274' title='bbox 1019 3100 1074 3143; x_wconf 91' lang='lat' dir='ltr'><strong>eos</strong></span> <span class='ocrx_word' id='word_1_275' title='bbox 1096 3079 1152 3164; x_wconf 92' lang='lat' dir='ltr'><strong>qui</strong></span> <span class='ocrx_word' id='word_1_276' title='bbox 1178 3089 1269 3143; x_wconf 89' lang='lat' dir='ltr'><strong>erant</strong></span> <span class='ocrx_word' id='word_1_277' title='bbox 1291 3098 1422 3142; x_wconf 88' lang='lat' dir='ltr'><strong>excom-</strong></span> 
     </span>
     <span class='ocr_line' id='line_1_34' title="bbox 298 3161 1421 3248; baseline 0.001 -23"><span class='ocrx_word' id='word_1_278' title='bbox 298 3162 463 3239; x_wconf 89' lang='lat' dir='ltr'><strong>municati,</strong></span> <span class='ocrx_word' id='word_1_279' title='bbox 478 3163 624 3226; x_wconf 88' lang='lat' dir='ltr'><strong>convivio</strong></span> <span class='ocrx_word' id='word_1_280' title='bbox 639 3161 694 3226; x_wconf 90' lang='lat' dir='ltr'><strong>vel</strong></span> <span class='ocrx_word' id='word_1_281' title='bbox 708 3161 867 3248; x_wconf 90' lang='lat' dir='ltr'><strong>colloquio</strong></span> <span class='ocrx_word' id='word_1_282' title='bbox 879 3163 1010 3246; x_wconf 83' lang='lat' dir='ltr'><strong>vitaret3</strong></span> <span class='ocrx_word' id='word_1_283' title='bbox 1032 3185 1074 3228; x_wconf 88' lang='lat' dir='ltr'><strong>ne</strong></span> <span class='ocrx_word' id='word_1_284' title='bbox 1089 3161 1176 3248; x_wconf 92' lang='lat' dir='ltr'><strong>quod</strong></span> <span class='ocrx_word' id='word_1_285' title='bbox 1190 3163 1224 3225; x_wconf 93' lang='lat' dir='ltr'><strong>in</strong></span> <span class='ocrx_word' id='word_1_286' title='bbox 1240 3185 1274 3226; x_wconf 91' lang='lat' dir='ltr'><strong>se</strong></span> <span class='ocrx_word' id='word_1_287' title='bbox 1288 3163 1421 3247; x_wconf 87' lang='lat' dir='ltr'><strong>propria</strong></span> 
     </span>
     <span class='ocr_line' id='line_1_35' title="bbox 299 3245 1421 3345; baseline -0.002 -34"><span class='ocrx_word' id='word_1_288' title='bbox 299 3245 508 3311; x_wconf 89' lang='lat' dir='ltr'><strong>conversione</strong></span> <span class='ocrx_word' id='word_1_289' title='bbox 528 3245 640 3311; x_wconf 80' lang='lat' dir='ltr'><strong>luisset</strong></span> <span class='ocrx_word' id='word_1_290' title='bbox 660 3245 724 3310; x_wconf 90' lang='lat' dir='ltr'><strong>Dei</strong></span> <span class='ocrx_word' id='word_1_291' title='bbox 745 3246 850 3345; x_wconf 78' lang='lat' dir='ltr'><strong>gratia</strong></span> <span class='ocrx_word' id='word_1_292' title='bbox 876 3245 1082 3326; x_wconf 88' lang='lat' dir='ltr'><strong>mundatum,</strong></span> <span class='ocrx_word' id='word_1_293' title='bbox 1111 3245 1247 3310; x_wconf 87' lang='lat' dir='ltr'><strong>aliorum</strong></span> <span class='ocrx_word' id='word_1_294' title='bbox 1268 3246 1421 3330; x_wconf 85' lang='lat' dir='ltr'><strong>contagio</strong></span> 
     </span>
     <span class='ocr_line' id='line_1_36' title="bbox 298 3329 1422 3416; baseline 0 -22"><span class='ocrx_word' id='word_1_295' title='bbox 298 3330 389 3395; x_wconf 89' lang='lat' dir='ltr'><strong>fieret</strong></span> <span class='ocrx_word' id='word_1_296' title='bbox 402 3331 506 3415; x_wconf 85' lang='lat' dir='ltr'><strong>magis</strong></span> <span class='ocrx_word' id='word_1_297' title='bbox 545 3352 618 3395; x_wconf 88' lang='lat' dir='ltr'><strong>uam</strong></span> <span class='ocrx_word' id='word_1_298' title='bbox 632 3329 736 3395; x_wconf 76' lang='lat' dir='ltr'><strong>furerat</strong></span> <span class='ocrx_word' id='word_1_299' title='bbox 749 3329 949 3400; x_wconf 87' lang='lat' dir='ltr'><strong>mmundum.</strong></span> <span class='ocrx_word' id='word_1_300' title='bbox 994 3329 1090 3411; x_wconf 78' lang='lat' dir='ltr'><strong>Quod</strong></span> <span class='ocrx_word' id='word_1_301' title='bbox 1106 3341 1280 3416; x_wconf 89' lang='lat' dir='ltr'><strong>utrumque</strong></span> <span class='ocrx_word' id='word_1_302' title='bbox 1295 3351 1369 3392; x_wconf 90' lang='lat' dir='ltr'><strong>cum</strong></span> <span class='ocrx_word' id='word_1_303' title='bbox 1384 3351 1422 3394; x_wconf 90' lang='lat' dir='ltr'><strong>se</strong></span> 
     </span>
     <span class='ocr_line' id='line_1_37' title="bbox 298 3352 1420 3500; baseline -0.002 -22"><span class='ocrx_word' id='word_1_304' title='bbox 298 3413 457 3479; x_wconf 89' lang='lat' dir='ltr'><strong>facturum</strong></span> <span class='ocrx_word' id='word_1_305' title='bbox 472 3352 683 3500; x_wconf 78' lang='lat' dir='ltr'><strong>pollrceretur,</strong></span> <span class='ocrx_word' id='word_1_306' title='bbox 706 3413 873 3480; x_wconf 88' lang='lat' dir='ltr'><strong>absolutus</strong></span> <span class='ocrx_word' id='word_1_307' title='bbox 891 3415 951 3480; x_wconf 88' lang='lat' dir='ltr'><strong>hac</strong></span> <span class='ocrx_word' id='word_1_308' title='bbox 966 3413 1037 3498; x_wconf 87' lang='lat' dir='ltr'><strong>lege</strong></span> <span class='ocrx_word' id='word_1_309' title='bbox 1060 3413 1241 3494; x_wconf 90' lang='lat' dir='ltr'><strong>dimittitur,</strong></span> <span class='ocrx_word' id='word_1_310' title='bbox 1261 3412 1420 3477; x_wconf 80' lang='lat' dir='ltr'><strong>multum⁰</strong></span> 
     </span>
     <span class='ocr_line' id='line_1_38' title="bbox 298 3497 1421 3585; baseline 0.002 -25"><span class='ocrx_word' id='word_1_311' title='bbox 298 3498 438 3562; x_wconf 90' lang='lat' dir='ltr'><strong>monitus</strong></span> <span class='ocrx_word' id='word_1_312' title='bbox 460 3520 501 3563; x_wconf 91' lang='lat' dir='ltr'><strong>ne</strong></span> <span class='ocrx_word' id='word_1_313' title='bbox 515 3499 588 3563; x_wconf 93' lang='lat' dir='ltr'><strong>Deo</strong></span> <span class='ocrx_word' id='word_1_314' title='bbox 609 3500 796 3582; x_wconf 89' lang='lat' dir='ltr'><strong>mentiatur;</strong></span> <span class='ocrx_word' id='word_1_315' title='bbox 818 3499 894 3585; x_wconf 89' lang='lat' dir='ltr'><strong>quia</strong></span> <span class='ocrx_word' id='word_1_316' title='bbox 916 3498 943 3561; x_wconf 90' lang='lat' dir='ltr'><strong>si</strong></span> <span class='ocrx_word' id='word_1_317' title='bbox 987 3499 1121 3562; x_wconf 88' lang='lat' dir='ltr'><strong>remissa</strong></span> <span class='ocrx_word' id='word_1_318' title='bbox 1141 3519 1207 3562; x_wconf 92' lang='lat' dir='ltr'><strong>non</strong></span> <span class='ocrx_word' id='word_1_319' title='bbox 1227 3497 1421 3583; x_wconf 87' lang='lat' dir='ltr'><strong>impleverit,</strong></span> 
     </span>
     <span class='ocr_line' id='line_1_39' title="bbox 298 3579 1421 3668; baseline 0.002 -25"><span class='ocrx_word' id='word_1_320' title='bbox 298 3601 364 3644; x_wconf 91' lang='lat' dir='ltr'><strong>non</strong></span> <span class='ocrx_word' id='word_1_321' title='bbox 392 3580 494 3644; x_wconf 92' lang='lat' dir='ltr'><strong>solum</strong></span> <span class='ocrx_word' id='word_1_322' title='bbox 524 3583 632 3668; x_wconf 89' lang='lat' dir='ltr'><strong>priora</strong></span> <span class='ocrx_word' id='word_1_323' title='bbox 658 3583 787 3648; x_wconf 86' lang='lat' dir='ltr'><strong>vincula</strong></span> <span class='ocrx_word' id='word_1_324' title='bbox 815 3605 880 3647; x_wconf 91' lang='lat' dir='ltr'><strong>non</strong></span> <span class='ocrx_word' id='word_1_325' title='bbox 906 3604 948 3646; x_wconf 86' lang='lat' dir='ltr'><strong>au</strong></span> <span class='ocrx_word' id='word_1_326' title='bbox 962 3590 1107 3662; x_wconf 85' lang='lat' dir='ltr'><strong>orantur,</strong></span> <span class='ocrx_word' id='word_1_327' title='bbox 1139 3581 1197 3646; x_wconf 91' lang='lat' dir='ltr'><strong>sed</strong></span> <span class='ocrx_word' id='word_1_328' title='bbox 1226 3583 1322 3646; x_wconf 91' lang='lat' dir='ltr'><strong>etiam</strong></span> <span class='ocrx_word' id='word_1_329' title='bbox 1355 3579 1421 3645; x_wconf 87' lang='lat' dir='ltr'><strong>alia</strong></span> 
     </span>
     <span class='ocr_line' id='line_1_40' title="bbox 299 3663 1421 3752; baseline 0.004 -27"><span class='ocrx_word' id='word_1_330' title='bbox 299 3663 459 3728; x_wconf 81' lang='lat' dir='ltr'><strong>strictiora</strong></span> <span class='ocrx_word' id='word_1_331' title='bbox 491 3666 757 3751; x_wconf 87' lang='lat' dir='ltr'><strong>superaddantur.</strong></span> <span class='ocrx_word' id='word_1_332' title='bbox 809 3667 923 3752; x_wconf 86' lang='lat' dir='ltr'><strong>Itaque</strong></span> <span class='ocrx_word' id='word_1_333' title='bbox 961 3687 1108 3730; x_wconf 89' lang='lat' dir='ltr'><strong>reversus</strong></span> <span class='ocrx_word' id='word_1_334' title='bbox 1141 3665 1183 3729; x_wconf 91' lang='lat' dir='ltr'><strong>ad</strong></span> <span class='ocrx_word' id='word_1_335' title='bbox 1216 3688 1305 3746; x_wconf 90' lang='lat' dir='ltr'><strong>suos,</strong></span> <span class='ocrx_word' id='word_1_336' title='bbox 1344 3686 1421 3729; x_wconf 91' lang='lat' dir='ltr'><strong>cum</strong></span> 
     </span>
     <span class='ocr_line' id='line_1_41' title="bbox 300 3745 1421 3848; baseline 0.004 -38"><span class='ocrx_word' id='word_1_337' title='bbox 300 3745 460 3832; x_wconf 90' lang='lat' dir='ltr'><strong>coepisset</strong></span> <span class='ocrx_word' id='word_1_338' title='bbox 485 3769 540 3812; x_wconf 90' lang='lat' dir='ltr'><strong>eos</strong></span> <span class='ocrx_word' id='word_1_339' title='bbox 568 3769 588 3811; x_wconf 91' lang='lat' dir='ltr'><strong>a</strong></span> <span class='ocrx_word' id='word_1_340' title='bbox 614 3771 673 3814; x_wconf 91' lang='lat' dir='ltr'><strong>suo</strong></span> <span class='ocrx_word' id='word_1_341' title='bbox 696 3750 845 3815; x_wconf 89' lang='lat' dir='ltr'><strong>convivio</strong></span> <span class='ocrx_word' id='word_1_342' title='bbox 872 3771 1036 3848; x_wconf 87' lang='lat' dir='ltr'><strong>separare,</strong></span> <span class='ocrx_word' id='word_1_343' title='bbox 1063 3771 1217 3835; x_wconf 83' lang='lat' dir='ltr'><strong>magnum</strong></span> <span class='ocrx_word' id='word_1_344' title='bbox 1243 3758 1421 3835; x_wconf 84' lang='lat' dir='ltr'><strong>coeperunt</strong></span> 
     </span>
     <span class='ocr_line' id='line_1_42' title="bbox 299 3829 1421 3920; baseline 0.002 -24"><span class='ocrx_word' id='word_1_345' title='bbox 299 3829 471 3896; x_wconf 87' lang='lat' dir='ltr'><strong>tumultum</strong></span> <span class='ocrx_word' id='word_1_346' title='bbox 492 3831 606 3910; x_wconf 86' lang='lat' dir='ltr'><strong>facere,</strong></span> <span class='ocrx_word' id='word_1_347' title='bbox 637 3833 779 3898; x_wconf 89' lang='lat' dir='ltr'><strong>dicentes</strong></span> <span class='ocrx_word' id='word_1_348' title='bbox 800 3833 839 3915; x_wconf 89' lang='lat' dir='ltr'><strong>ei,</strong></span> <span class='ocrx_word' id='word_1_349' title='bbox 863 3855 940 3920; x_wconf 88' lang='lat' dir='ltr'><strong>qma</strong></span> <span class='ocrx_word' id='word_1_350' title='bbox 961 3835 988 3898; x_wconf 94' lang='lat' dir='ltr'><strong>si</strong></span> <span class='ocrx_word' id='word_1_351' title='bbox 1010 3855 1074 3916; x_wconf 91' lang='lat' dir='ltr'><strong>eos,</strong></span> <span class='ocrx_word' id='word_1_352' title='bbox 1100 3856 1237 3920; x_wconf 88' lang='lat' dir='ltr'><strong>quorum</strong></span> <span class='ocrx_word' id='word_1_353' title='bbox 1259 3833 1421 3919; x_wconf 89' lang='lat' dir='ltr'><strong>sapientia</strong></span> 
     </span>
     <span class='ocr_line' id='line_1_43' title="bbox 299 3913 1421 4004; baseline 0.002 -26"><span class='ocrx_word' id='word_1_354' title='bbox 299 3922 332 3979; x_wconf 91' lang='lat' dir='ltr'><strong>et</strong></span> <span class='ocrx_word' id='word_1_355' title='bbox 345 3915 462 3979; x_wconf 72' lang='lat' dir='ltr'><strong>virtme</strong></span> <span class='ocrx_word' id='word_1_356' title='bbox 481 3913 687 3981; x_wconf 77' lang='lat' dir='ltr'><strong>obtinuisset‘</strong></span> <span class='ocrx_word' id='word_1_357' title='bbox 707 3916 861 3982; x_wconf 88' lang='lat' dir='ltr'><strong>hactenus</strong></span> <span class='ocrx_word' id='word_1_358' title='bbox 882 3939 1027 4004; x_wconf 84' lang='lat' dir='ltr'><strong>regnum,</strong></span> <span class='ocrx_word' id='word_1_359' title='bbox 1047 3939 1133 3982; x_wconf 90' lang='lat' dir='ltr'><strong>nunc</strong></span> <span class='ocrx_word' id='word_1_360' title='bbox 1148 3939 1168 3981; x_wconf 89' lang='lat' dir='ltr'><strong>a</strong></span> <span class='ocrx_word' id='word_1_361' title='bbox 1186 3939 1219 3982; x_wconf 83' lang='lat' dir='ltr'><strong>se</strong></span> <span class='ocrx_word' id='word_1_362' title='bbox 1241 3914 1421 4004; x_wconf 88' lang='lat' dir='ltr'><strong>repelleret,</strong></span> 
     </span>
     <span class='ocr_line' id='line_1_44' title="bbox 299 3996 1421 4088; baseline 0.004 -28"><span class='ocrx_word' id='word_1_363' title='bbox 299 4018 319 4060; x_wconf 90' lang='lat' dir='ltr'><strong>a</strong></span> <span class='ocrx_word' id='word_1_364' title='bbox 343 3996 494 4063; x_wconf 90' lang='lat' dir='ltr'><strong>ostolious</strong></span> <span class='ocrx_word' id='word_1_365' title='bbox 517 4000 546 4064; x_wconf 87' lang='lat' dir='ltr'><strong>ei</strong></span> <span class='ocrx_word' id='word_1_366' title='bbox 567 4021 628 4065; x_wconf 92' lang='lat' dir='ltr'><strong>nec</strong></span> <span class='ocrx_word' id='word_1_367' title='bbox 648 3998 727 4064; x_wconf 91' lang='lat' dir='ltr'><strong>illud</strong></span> <span class='ocrx_word' id='word_1_368' title='bbox 741 4000 875 4066; x_wconf 90' lang='lat' dir='ltr'><strong>reddere</strong></span> <span class='ocrx_word' id='word_1_369' title='bbox 896 4023 957 4065; x_wconf 91' lang='lat' dir='ltr'><strong>nec</strong></span> <span class='ocrx_word' id='word_1_370' title='bbox 970 4000 1058 4066; x_wconf 91' lang='lat' dir='ltr'><strong>aliud</strong></span> <span class='ocrx_word' id='word_1_371' title='bbox 1072 4003 1239 4088; x_wconf 90' lang='lat' dir='ltr'><strong>acquirere</strong></span> <span class='ocrx_word' id='word_1_372' title='bbox 1253 4001 1421 4086; x_wconf 86' lang='lat' dir='ltr'><strong>potuisset.</strong></span> 
     </span>
    </p>

    <p class='ocr_par' dir='ltr' id='par_1_6' title="bbox 299 4081 1424 4263">
     <span class='ocr_line' id='line_1_45' title="bbox 333 4081 1422 4165; baseline 0.004 -19"><span class='ocrx_word' id='word_1_373' title='bbox 333 4082 361 4146; x_wconf 87' lang='lat' dir='ltr'><strong>is</strong></span> <span class='ocrx_word' id='word_1_374' title='bbox 388 4092 421 4146; x_wconf 89' lang='lat' dir='ltr'><strong>et</strong></span> <span class='ocrx_word' id='word_1_375' title='bbox 449 4081 520 4146; x_wconf 88' lang='lat' dir='ltr'><strong>aliis</strong></span> <span class='ocrx_word' id='word_1_376' title='bbox 548 4081 665 4150; x_wconf 87' lang='lat' dir='ltr'><strong>talibus</strong></span> <span class='ocrx_word' id='word_1_377' title='bbox 691 4085 799 4150; x_wconf 87' lang='lat' dir='ltr'><strong>verbis</strong></span> <span class='ocrx_word' id='word_1_378' title='bbox 827 4085 953 4149; x_wconf 92' lang='lat' dir='ltr'><strong>animus</strong></span> <span class='ocrx_word' id='word_1_379' title='bbox 982 4087 1051 4150; x_wconf 91' lang='lat' dir='ltr'><strong>eius</strong></span> <span class='ocrx_word' id='word_1_380' title='bbox 1083 4087 1285 4165; x_wconf 86' lang='lat' dir='ltr'><strong>immutatur,</strong></span> <span class='ocrx_word' id='word_1_381' title='bbox 1315 4093 1348 4148; x_wconf 87' lang='lat' dir='ltr'><strong>et</strong></span> <span class='ocrx_word' id='word_1_382' title='bbox 1376 4085 1422 4150; x_wconf 89' lang='lat' dir='ltr'><strong>ad</strong></span> 
     </span>
     <span class='ocr_line' id='line_1_46' title="bbox 299 4204 1424 4263; baseline 0.006 -17"><span class='ocrx_word' id='word_1_383' title='bbox 299 4204 322 4257; x_wconf 80' lang='lat' dir='ltr'><strong>a)</strong></span> <span class='ocrx_word' id='word_1_384' title='bbox 339 4217 424 4258; x_wconf 79' lang='lat' dir='ltr'><strong>papam</strong></span> <span class='ocrx_word' id='word_1_385' title='bbox 439 4209 506 4250; x_wconf 82' lang='lat' dir='ltr'><strong>illum</strong></span> <span class='ocrx_word' id='word_1_386' title='bbox 523 4211 544 4252; x_wconf 91' lang='lat'><strong>1.</strong></span> <span class='ocrx_word' id='word_1_387' title='bbox 604 4208 628 4262; x_wconf 91' lang='lat' dir='ltr'><strong>b)</strong></span> <span class='ocrx_word' id='word_1_388' title='bbox 645 4211 686 4251; x_wconf 83' lang='lat' dir='ltr'><strong>sed</strong></span> <span class='ocrx_word' id='word_1_389' title='bbox 702 4214 725 4262; x_wconf 86' lang='lat'><strong>1,·</strong></span> <span class='ocrx_word' id='word_1_390' title='bbox 742 4213 797 4252; x_wconf 75' lang='lat' dir='ltr'><strong>dcsat</strong></span> <span class='ocrx_word' id='word_1_391' title='bbox 814 4207 841 4252; x_wconf 59' lang='grc' dir='ltr'><strong>ιδ</strong></span> <span class='ocrx_word' id='word_1_392' title='bbox 856 4213 904 4263; x_wconf 77' lang='lat' dir='ltr'><strong>sd.,·</strong></span> <span class='ocrx_word' id='word_1_393' title='bbox 919 4217 947 4256; x_wconf 87' lang='lat' dir='ltr'><strong>tr.</strong></span> <span class='ocrx_word' id='word_1_394' title='bbox 963 4216 987 4254; x_wconf 87' lang='lat' dir='ltr'><strong>st</strong></span> <span class='ocrx_word' id='word_1_395' title='bbox 1002 4223 1033 4255; x_wconf 85' lang='lat' dir='ltr'><strong>m.</strong></span> <span class='ocrx_word' id='word_1_396' title='bbox 1050 4214 1078 4263; x_wconf 76' lang='lat'><strong>23</strong></span> <span class='ocrx_word' id='word_1_397' title='bbox 1094 4213 1212 4252; x_wconf 69' lang='lat' dir='ltr'><strong>munau</strong></span> <span class='ocrx_word' id='word_1_398' title='bbox 1223 4211 1248 4253; x_wconf 87' lang='lat' dir='ltr'><strong>P.</strong></span> <span class='ocrx_word' id='word_1_399' title='bbox 1304 4209 1326 4262; x_wconf 90' lang='lat' dir='ltr'><strong>c)</strong></span> <span class='ocrx_word' id='word_1_400' title='bbox 1341 4211 1424 4260; x_wconf 83' lang='lat' dir='ltr'><strong>perdt-</strong></span> 
     </span>
    </p>
   </div>
   <div class='ocr_carea' id='block_1_3' title="bbox 299 4269 1425 4374">
    <p class='ocr_par' dir='ltr' id='par_1_7' title="bbox 299 4269 1425 4374">
     <span class='ocr_line' id='line_1_47' title="bbox 299 4269 1425 4374; baseline 0.008 -69"><span class='ocrx_word' id='word_1_401' title='bbox 299 4270 376 4374; x_wconf 59' lang='lat' dir='ltr'><strong>pprupp</strong></span> <span class='ocrx_word' id='word_1_402' title='bbox 392 4269 422 4366; x_wconf 65' lang='grc' dir='ltr'><strong>ιςι</strong></span> <span class='ocrx_word' id='word_1_403' title='bbox 435 4269 556 4366; x_wconf 59' lang='lat' dir='ltr'><strong>praepatuit</strong></span> <span class='ocrx_word' id='word_1_404' title='bbox 572 4269 709 4311; x_wconf 65' lang='lat' dir='ltr'><strong>macunen.</strong></span> <span class='ocrx_word' id='word_1_405' title='bbox 775 4269 799 4323; x_wconf 84' lang='lat' dir='ltr'><strong>d)</strong></span> <span class='ocrx_word' id='word_1_406' title='bbox 821 4273 952 4322; x_wconf 74' lang='lat' dir='ltr'><strong>regularem</strong></span> <span class='ocrx_word' id='word_1_407' title='bbox 975 4274 996 4316; x_wconf 89' lang='lat'><strong>1.</strong></span> <span class='ocrx_word' id='word_1_408' title='bbox 1061 4271 1084 4324; x_wconf 87' lang='lat' dir='ltr'><strong>s)</strong></span> <span class='ocrx_word' id='word_1_409' title='bbox 1106 4283 1136 4313; x_wconf 86' lang='lat' dir='ltr'><strong>m.</strong></span> <span class='ocrx_word' id='word_1_410' title='bbox 1158 4271 1301 4321; x_wconf 84' lang='lat' dir='ltr'><strong>multumque</strong></span> <span class='ocrx_word' id='word_1_411' title='bbox 1317 4279 1382 4312; x_wconf 86' lang='lat' dir='ltr'><strong>mon.</strong></span> <span class='ocrx_word' id='word_1_412' title='bbox 1401 4273 1425 4314; x_wconf 71' lang='grc'><strong>2.</strong></span> 
     </span>
     <span class='ocr_line' id='line_1_48' title="bbox 336 4334 495 4369; baseline 0.038 -6"><span class='ocrx_word' id='word_1_413' title='bbox 336 4334 349 4363; x_wconf 90' lang='grc' dir='ltr'><strong>ο</strong></span> <span class='ocrx_word' id='word_1_414' title='bbox 377 4335 410 4365; x_wconf 74' lang='grc' dir='ltr'><strong>,ο</strong></span> <span class='ocrx_word' id='word_1_415' title='bbox 452 4355 458 4368; x_wconf 92' lang='grc'><strong>.</strong></span> <span class='ocrx_word' id='word_1_416' title='bbox 489 4357 495 4369; x_wconf 89' lang='grc'><strong>.</strong></span> 
     </span>
    </p>
   </div>
   <div class='ocr_carea' id='block_1_4' title="bbox 0 0 1555 4818">
    <p class='ocr_par' dir='ltr' id='par_1_8' title="bbox 0 0 1555 4818">
     <span class='ocr_line' id='line_1_49' title="bbox 0 0 1555 4818; baseline 0 0"><span class='ocrx_word' id='word_1_417' title='bbox 0 0 1555 4818; x_wconf 95' lang='lat' dir='ltr'><strong> </strong></span> 
     </span>
    </p>
   </div>
  </div>
 </body>
</html>
