3098 4818
423 343 543 394 BRUNO
562 341 611 392 DE
630 341 750 392 BELLO
771 339 958 392 SAXONICO.
1044 349 1050 358 ⁴
1223 343 1258 391 43

140 513 230 576 iusta
253 521 281 575 et
298 510 483 596 probabilis
506 532 617 574 coram
635 510 704 574 Deo
727 509 974 595 hominibusque
996 510 1177 590 uidebatur,
1201 533 1259 596 epo
1272 530 1337 572 nu.

142 617 205 682 quo
228 617 267 658 ue
289 597 481 675 assentiens,
504 616 596 658 omne
617 593 676 657 tibi
692 602 844 676 papatus
865 596 920 656 ius
936 594 1024 679 quod
1039 595 1154 658 hahere
1168 595 1260 658 uisus

141 702 174 744 es
189 619 393 758 abrenuntio,
416 687 511 762 atque
526 687 562 740 ut
577 699 598 739 a
613 677 686 740 sede
708 677 812 757 Urbis,
834 678 929 740 cuius
948 678 1048 744 michi
1057 679 1261 762 patriciatus

141 764 211 828 Deo
240 763 398 826 tribuente
427 771 456 824 et
484 763 596 825 iurato
625 761 851 825 Romanorum
885 783 1021 825 assensu
1050 762 1193 844 debetur,
1225 771 1262 825 ut

142 847 320 912 descendas
343 847 453 909 edico!

205 931 296 994 Haec
308 931 406 994 series
418 937 549 993 nostrae
560 927 716 1013 epistolae
729 928 774 990 ud
782 927 1046 993 Hildebrandum
1057 930 1262 994 monachum.

144 1012 252 1088 Quam
266 1014 393 1079 idcirco
407 1023 436 1078 et
451 1013 540 1076 uobis
554 1013 758 1096 scripsimus,
775 1021 811 1074 ut
825 1021 854 1073 et
867 1012 957 1076 uobis
971 1023 1084 1078 nostra
1099 1013 1262 1093 uoluntas,

142 1108 171 1163 et
198 1099 307 1178 nobis,
339 1099 435 1161 immo
465 1096 535 1159 Deo
568 1105 597 1160 et
628 1095 738 1174 nobis,
771 1105 877 1158 vestra
911 1095 1099 1181 satisfaciat
1126 1099 1261 1161 caritas.

142 1183 306 1267 Euurpitc
333 1183 440 1267 iqitur
460 1181 498 1243 in
520 1201 608 1260 eum,
632 1178 841 1260 fidelissimi,
871 1189 900 1243 et
920 1182 962 1243 sit
985 1182 1117 1265 primus
1138 1185 1176 1246 in
1192 1181 1262 1263 fide

137 1267 270 1350 primus
291 1267 329 1328 in
351 1267 422 1328 eius
443 1265 665 1328 damnatione.
691 1263 781 1326 Non
797 1271 903 1326 autem
925 1273 961 1327 ut
982 1268 1178 1350 sanquinem
1193 1267 1263 1330 eius

132 1348 295 1434 fundatis
323 1349 479 1427 dicimus,
510 1349 632 1432 quippe
660 1369 733 1410 cum
761 1350 869 1410 maior
890 1347 954 1411 sibi
975 1350 1018 1411 sit
1034 1358 1112 1432 post
1133 1349 1262 1434 deposi-

142 1434 261 1496 tionem
279 1455 389 1516 poena
410 1433 480 1494 uita
503 1452 602 1577 paam
623 1453 723 1511 mors,
750 1429 807 1494 sed
829 1440 865 1493 ut
886 1454 958 1495 eum
979 1435 1009 1497 si
1030 1431 1111 1498 nobit
1133 1435 1261 1498 descen-

142 1517 218 1580 dere
250 1519 390 1602 copatis,
423 1524 453 1578 et
481 1538 501 1577 a
515 1517 584 1579 ium
620 1515 781 1578 communi
810 1517 952 1578 omnium
983 1519 1210 1602 episcoporum
1235 1526 1264 1582 et

142 1609 246 1664 uestro
275 1599 411 1664 consilio
441 1622 462 1661 a
484 1599 577 1662 nobis
607 1597 737 1662 electum
760 1600 796 1661 in
820 1599 1032 1682 apostolicam
1055 1602 1160 1666 sedem
1181 1604 1261 1666 reci-

140 1686 261 1767 piatis,
291 1685 348 1768 qui
370 1683 457 1767 quod
477 1684 536 1746 iste
556 1683 594 1745 in
616 1679 752 1747 ecclesia
772 1681 973 1764 vidneracit,
1000 1707 1119 1749 curare
1141 1694 1170 1749 et
1189 1685 1264 1750 uehit

143 1777 172 1832 et
190 1768 305 1851 possit.

228 1850 279 1913 67.
324 1851 562 1929 Heinmcus⁸.¹,
592 1870 659 1912 non
687 1851 882 1933 usurpative
910 1850 966 1912 sed
1021 1851 1055 1912 ia
1078 1851 1144 1916 Dci
1174 1853 1263 1915 ordi-

144 1936 279 1998 natione
307 1955 378 2014 ren,
409 1931 653 2013 Hildebrando,
686 1933 755 1996 iam
784 1955 851 1996 non
885 1955 906 1994 a
931 1873 1061 1998 ostohico
1091 1935 1147 1998 sed
1166 1933 1263 2018 falso

144 2017 311 2081 monacho.
356 2018 454 2082 Hono
483 2016 578 2080 tabem
605 2037 671 2100 pro
700 2015 891 2100 confusione
944 2025 1004 2080 tua
1036 2017 1265 2082 salutationem

142 2103 369 2184 promeruisti,
402 2102 460 2186 qui
492 2099 619 2165 nullum
651 2101 688 2163 in
721 2099 853 2164 ccclesia
886 2100 1033 2166 ordinem
1060 2104 1264 2186 praeteristi,

144 2207 238 2270 quem
249 2183 455 2270 confusionis
466 2207 534 2250 non
545 2185 689 2263 honoris,
702 2184 944 2248 maledictionis
955 2207 1022 2250 non
1034 2185 1265 2250 benedictionis

170 2271 340 2354 anticipem
362 2291 428 2333 non
441 2267 575 2353 feceris.
616 2268 655 2331 Ut
677 2267 762 2332 euim
778 2269 817 2332 de
832 2267 941 2332 mrdtis
949 2292 1067 2353 pauca
1088 2279 1117 2332 et
1131 2271 1265 2355 eprepia

141 2291 327 2436 hhquamur,
349 2362 486 2417 rectores
501 2361 634 2416 sanctae
649 2350 810 2432 ecclesiae,
827 2352 975 2417 videlicet
992 2355 1265 2438 archiepiscopos,
1319 2405 1321 2412 ,

186 2438 323 2519 iscopos‚
342 2436 558 2523 presbyteros,
582 2457 650 2498 non
671 2437 764 2499 modo
787 2459 853 2500 non
877 2446 1011 2537 taupere
1026 2440 1110 2502 sicut
1128 2438 1265 2502 christos
1275 2459 1310 2500 n.

144 2459 283 2582 &omini
304 2521 455 2600 timuisti,
485 2522 566 2604 quin
595 2521 679 2582 sicut
705 2541 828 2600 servos,
858 2531 1033 2585 nescientes
1057 2523 1138 2606 quid
1149 2519 1328 2604 faciat¹⁰⁴2
1346 2518 1381 2561 ¹⁶·

145 2603 298 2666 dominus
320 2625 439 2682 eorum,
462 2604 520 2666 snb
536 2602 682 2687 pedibus
703 2604 769 2665 tuis
790 2602 928 2666 calcasti
934 2627 946 2685 ,·
968 2606 1006 2668 in
1028 2627 1167 2690 quorum
1189 2627 1263 2669 con·
1276 2630 1370 2679 anu,
1390 2630 1427 2673 ιν.

146 2685 327 2750 calcatione
345 2685 565 2769 tibifauorem
580 2686 620 2750 ab
637 2707 690 2749 ore
705 2685 798 2771 vulpi
812 2689 1032 2770 comparasti;
1055 2710 1134 2772 quos
1158 2711 1265 2752 omnes

146 2769 251 2834 nichil
272 2772 372 2850 scire,
402 2780 430 2834 te
453 2780 559 2833 autem
586 2769 690 2834 solum
721 2771 832 2833 omnia
860 2791 952 2833 nosse
973 2771 1142 2835 iudicasti.
1190 2770 1265 2845 Qua

145 2857 256 2938 utique
278 2855 416 2918 scientia
439 2876 506 2918 non
529 2856 574 2918 ad
597 2852 865 2936 aedificationem,
887 2855 943 2918 sed
959 2854 1004 2917 ad
1018 2855 1265 2920 destruct-ionem

145 2940 196 3002 uti
218 2938 382 3012 studuisti,
406 2946 442 3003 ut
463 2940 555 3002 iure⁰
577 2937 704 3001 beatum
727 2935 933 3022 (drepanium,
955 2939 1050 3003 cuius
1070 2961 1186 3004 nomen
1206 2941 1266 3004 tibi

145 3023 342 3102 vendicasti,
372 3021 411 3085 de
432 3031 460 3084 te
487 3021 701 3107 prophetasse
723 3023 894 3086 credamus
921 3023 968 3085 sic
995 3023 1169 3088 dicentem:
1200 3025 1333 3088 ‘cha

146 3103 322 3189 affluentia
344 3106 558 3169 subiectorum
571 3105 765 3190 plerumque
781 3108 911 3170 animus
925 3106 1075 3190 praelati
1089 3107 1264 3189 entobbitur,
1275 3106 1306 3157 Π»
1323 3106 1344 3148 ⁶·

146 3197 175 3251 ct
198 3191 347 3252 aestimat
369 3211 401 3252 se
421 3189 500 3272 pius
524 3190 673 3253 omnibus
695 3211 799 3270 nosse,
822 3212 894 3252 cum
916 3212 948 3254 sc
963 3191 1051 3256 uidet
1066 3191 1144 3276 plus
1160 3193 1264 3255 omni-

145 3271 205 3335 bus
223 3274 339 3356 posse!
374 3273 425 3347 Es
451 3295 511 3336 nos
539 3273 668 3358 quidem
691 3274 770 3336 haec
793 3275 904 3337 omnia
926 3276 1157 3355 sustinuimus,
1188 3277 1266 3339 dum

147 3355 345 3440 apostolicae
374 3357 462 3420 sedis
491 3357 642 3420 honorem
658 3379 799 3421 ‘servare
823 3357 1018 3424 studuimus.
1062 3357 1128 3422 Sed
1149 3368 1183 3421 tu
1206 3360 1264 3421 hu-

145 3437 313 3503 militatem
339 3448 485 3504 nostram
512 3442 657 3504 timorem
675 3439 755 3524 fore
784 3437 988 3521 mitelhenisti,
1018 3440 1153 3526 ideoque
1178 3444 1266 3504 etin

146 3523 256 3607 ipsam
281 3524 409 3607 rupium
431 3532 623 3608 potestatem
650 3524 742 3587 nobis
765 3547 786 3586 a
807 3523 879 3586 Deo
901 3545 1086 3588 concessum
1107 3547 1266 3610 eccurpere

147 3627 215 3669 non
236 3608 384 3685 timuisti,
406 3629 505 3690 quam
520 3617 549 3671 te
563 3607 656 3671 nobis
672 3606 823 3691 auferre1¹
846 3629 948 3670 ausus
964 3629 996 3670 es
1011 3609 1145 3688 minari,
1168 3611 1267 3694 quasi

146 3712 207 3753 nos
230 3713 252 3753 a
273 3699 301 3754 te
321 3713 461 3776 repnum
483 3692 722 3776 acceperimus,
745 3692 844 3776 quasi
864 3693 901 3753 in
922 3701 982 3754 tua
1004 3700 1033 3754 et
1054 3714 1121 3756 non
1142 3694 1179 3756 in
1201 3693 1267 3756 Dei

145 3796 248 3837 manu
271 3775 313 3837 sit
333 3797 472 3859 repnum
493 3774 542 3839 uel
563 3777 738 3860 imperium
745 3796 758 3855 ,·
780 3777 840 3858 qui
867 3775 1021 3840 dominus
1045 3785 1153 3840 noster
1174 3777 1266 3840 Iesus

150 3855 298 3922 Christus
327 3880 388 3922 nos
417 3859 462 3922 ad
483 3881 636 3944 rcqnum,
666 3867 694 3920 te
717 3868 825 3926 autem
853 3881 919 3922 non
942 3861 1069 3924 vocavit
1091 3861 1136 3924 ad
1161 3883 1266 3924 sacer-

146 3941 281 4005 dot-ium.
327 3942 375 4005 Tu
397 3945 483 4006 enim
504 3943 557 4006 his
578 3941 740 4027 gradibus
764 3944 958 4008 ascendisti:
986 3943 1105 4009 scilicet
1132 3945 1266 4024 astutia,

146 4025 234 4109 quod
255 4026 451 4089 monachica
467 4024 635 4111 professio
652 4027 892 4107 abhominatur,
908 4030 1100 4112 pecuniam,
1117 4036 1267 4112 pecunia

147 4155 171 4208 a)
187 4159 217 4200 H.
235 4161 255 4200 1.
317 4157 342 4211 b)
359 4160 507 4202 confessione
523 4161 543 4202 2.
604 4158 824 4212 c)1urehoob.2.
884 4159 906 4212 d)
923 4161 1009 4204 suferri
1027 4163 1045 4202 1.

151 4250 180 4319 1)
200 4271 224 4304 v.
244 4253 344 4322 Legum
374 4255 404 4308 T.
427 4257 469 4317 ΙΙ,
494 4273 523 4322 p.
549 4258 595 4308 47.
619 4255 651 4307 P.
688 4254 796 4309 Accedit
820 4254 901 4322 Jaffii
925 4255 1004 4308 editio
1029 4255 1147 4308 Menum.
1172 4256 1267 4311 Bamb.

145 4343 176 4391 p.
199 4328 248 4376 101
268 4327 298 4379 in
318 4329 375 4381 cod.
400 4329 527 4382 Udolrici.
