<?xml version="1.0" encoding="UTF-8"?>
<!DOCTYPE html PUBLIC "-//W3C//DTD XHTML 1.0 Transitional//EN"
    "http://www.w3.org/TR/xhtml1/DTD/xhtml1-transitional.dtd">
<html xmlns="http://www.w3.org/1999/xhtml" xml:lang="en" lang="en">
 <head>
  <title>
</title>
<meta http-equiv="Content-Type" content="text/html;charset=utf-8" />
  <meta name='ocr-system' content='tesseract 3.04.00' />
  <meta name='ocr-capabilities' content='ocr_page ocr_carea ocr_par ocr_line ocrx_word'/>
</head>
<body>
  <div class='ocr_page' id='page_1' title='image "./waltramiutvidet01schwgoog_0143.png"; bbox 0 0 3114 4814; ppageno 0'>
   <div class='ocr_carea' id='block_1_1' title="bbox 323 396 1266 450">
    <p class='ocr_par' dir='ltr' id='par_1_1' title="bbox 323 396 1266 450">
     <span class='ocr_line' id='line_1_1' title="bbox 323 396 1266 450; baseline 0 -3"><span class='ocrx_word' id='word_1_1' title='bbox 323 398 373 448; x_wconf 86' lang='lat' dir='ltr'>DE</span> <span class='ocrx_word' id='word_1_2' title='bbox 394 397 554 449; x_wconf 78' lang='lat' dir='ltr'><strong>UNITATE</strong></span> <span class='ocrx_word' id='word_1_3' title='bbox 574 397 781 450; x_wconf 77' lang='lat' dir='ltr'><strong>EGCLESIAE</strong></span> <span class='ocrx_word' id='word_1_4' title='bbox 801 396 1079 450; x_wconf 72' lang='lat' dir='ltr'>consulturum.</span> <span class='ocrx_word' id='word_1_5' title='bbox 1210 397 1266 448; x_wconf 65' lang='lat'>11⁵1</span> 
     </span>
    </p>
   </div>
   <div class='ocr_carea' id='block_1_2' title="bbox 134 565 1268 1047">
    <p class='ocr_par' dir='ltr' id='par_1_2' title="bbox 134 565 1268 1047">
     <span class='ocr_line' id='line_1_2' title="bbox 134 565 1262 649; baseline -0.004 -17"><span class='ocrx_word' id='word_1_6' title='bbox 134 580 203 632; x_wconf 62' lang='lat' dir='ltr'>itui</span> <span class='ocrx_word' id='word_1_7' title='bbox 221 587 290 631; x_wconf 72' lang='lat' dir='ltr'>tenet</span> <span class='ocrx_word' id='word_1_8' title='bbox 300 580 394 646; x_wconf 75' lang='lat' dir='ltr'>fldem,</span> <span class='ocrx_word' id='word_1_9' title='bbox 413 579 497 631; x_wconf 72' lang='lat' dir='ltr'>vitun</span> <span class='ocrx_word' id='word_1_10' title='bbox 515 596 570 631; x_wconf 74' lang='lat' dir='ltr'>nos</span> <span class='ocrx_word' id='word_1_11' title='bbox 590 587 658 632; x_wconf 69' lang='lat' dir='ltr'>tenet</span> <span class='ocrx_word' id='word_1_12' title='bbox 677 588 701 632; x_wconf 76' lang='lat' dir='ltr'>et</span> <span class='ocrx_word' id='word_1_13' title='bbox 719 581 839 632; x_wconf 75' lang='lat' dir='ltr'>satutem.</span> <span class='ocrx_word' id='word_1_14' title='bbox 877 565 1043 649; x_wconf 85' lang='lat' dir='ltr'>Superiori</span> <span class='ocrx_word' id='word_1_15' title='bbox 1065 566 1163 630; x_wconf 85' lang='lat' dir='ltr'>etiam</span> <span class='ocrx_word' id='word_1_16' title='bbox 1177 585 1262 629; x_wconf 85' lang='lat' dir='ltr'>anno</span> 
     </span>
     <span class='ocr_line' id='line_1_3' title="bbox 135 645 1268 735; baseline 0.002 -24"><span class='ocrx_word' id='word_1_17' title='bbox 135 647 307 712; x_wconf 85' lang='lat' dir='ltr'>defunctus</span> <span class='ocrx_word' id='word_1_18' title='bbox 323 657 394 710; x_wconf 85' lang='lat' dir='ltr'>erat</span> <span class='ocrx_word' id='word_1_19' title='bbox 404 645 567 730; x_wconf 83' lang='lat' dir='ltr'>Wigoltus</span> <span class='ocrx_word' id='word_1_20' title='bbox 582 647 749 733; x_wconf 80' lang='lat' dir='ltr'>Augustae</span> <span class='ocrx_word' id='word_1_21' title='bbox 767 647 848 712; x_wconf 88' lang='lat' dir='ltr'>alter</span> <span class='ocrx_word' id='word_1_22' title='bbox 862 650 1033 735; x_wconf 88' lang='lat' dir='ltr'>episcopus</span> <span class='ocrx_word' id='word_1_23' title='bbox 1043 661 1065 730; x_wconf 93' lang='lat'>¹,</span> <span class='ocrx_word' id='word_1_24' title='bbox 1087 651 1153 735; x_wconf 90' lang='lat' dir='ltr'>qui,</span> <span class='ocrx_word' id='word_1_25' title='bbox 1170 649 1268 733; x_wconf 42' lang='lat' dir='ltr'>sige-1</span> 
     </span>
     <span class='ocr_line' id='line_1_4' title="bbox 136 729 1266 818; baseline 0 -22"><span class='ocrx_word' id='word_1_26' title='bbox 136 732 221 796; x_wconf 82' lang='lat' dir='ltr'>frido</span> <span class='ocrx_word' id='word_1_27' title='bbox 244 731 391 796; x_wconf 89' lang='lat' dir='ltr'>eiusdem</span> <span class='ocrx_word' id='word_1_28' title='bbox 413 730 551 794; x_wconf 83' lang='lat' dir='ltr'>civitatis</span> <span class='ocrx_word' id='word_1_29' title='bbox 577 731 730 816; x_wconf 85' lang='lat' dir='ltr'>episeopo</span> <span class='ocrx_word' id='word_1_30' title='bbox 752 729 857 797; x_wconf 87' lang='lat' dir='ltr'>adhue</span> <span class='ocrx_word' id='word_1_31' title='bbox 880 734 1022 814; x_wconf 83' lang='lat' dir='ltr'>vivente,</span> <span class='ocrx_word' id='word_1_32' title='bbox 1043 755 1103 818; x_wconf 91' lang='lat' dir='ltr'>per</span> <span class='ocrx_word' id='word_1_33' title='bbox 1123 733 1266 818; x_wconf 78' lang='lat' dir='ltr'>partium</span> 
     </span>
     <span class='ocr_line' id='line_1_5' title="bbox 138 813 1263 902; baseline 0 -22"><span class='ocrx_word' id='word_1_34' title='bbox 138 816 246 881; x_wconf 83' lang='lat' dir='ltr'>studia</span> <span class='ocrx_word' id='word_1_35' title='bbox 274 823 323 880; x_wconf 87' lang='lat' dir='ltr'>est</span> <span class='ocrx_word' id='word_1_36' title='bbox 351 813 631 896; x_wconf 78' lang='lat' dir='ltr'>subintroductus,</span> <span class='ocrx_word' id='word_1_37' title='bbox 659 816 715 902; x_wconf 92' lang='lat' dir='ltr'>qui</span> <span class='ocrx_word' id='word_1_38' title='bbox 741 815 859 881; x_wconf 86' lang='lat' dir='ltr'>furtive</span> <span class='ocrx_word' id='word_1_39' title='bbox 887 817 928 880; x_wconf 87' lang='lat' dir='ltr'>ad</span> <span class='ocrx_word' id='word_1_40' title='bbox 957 815 1189 881; x_wconf 82' lang='lat' dir='ltr'><strong>ordinationem</strong></span> <span class='ocrx_word' id='word_1_41' title='bbox 1216 819 1263 882; x_wconf 90' lang='lat' dir='ltr'>in-</span> 
     </span>
     <span class='ocr_line' id='line_1_6' title="bbox 137 897 1265 1047; baseline 0 -83"><span class='ocrx_word' id='word_1_42' title='bbox 137 921 277 986; x_wconf 87' lang='lat' dir='ltr'>gressus,</span> <span class='ocrx_word' id='word_1_43' title='bbox 298 921 358 985; x_wconf 91' lang='lat' dir='ltr'>per</span> <span class='ocrx_word' id='word_1_44' title='bbox 374 897 571 1047; x_wconf 58' lang='lat' dir='ltr'>Sippfridum</span> <span class='ocrx_word' id='word_1_45' title='bbox 587 899 798 984; x_wconf 87' lang='lat' dir='ltr'>Moguntinae</span> <span class='ocrx_word' id='word_1_46' title='bbox 813 900 967 966; x_wconf 80' lang='lat' dir='ltr'>ecelesiae</span> <span class='ocrx_word' id='word_1_47' title='bbox 982 899 1265 1000; x_wconf 81' lang='lat' dir='ltr'>arehiepiscopum</span> 
     </span>
    </p>
   </div>
   <div class='ocr_carea' id='block_1_3' title="bbox 136 981 1268 3491">
    <p class='ocr_par' dir='ltr' id='par_1_3' title="bbox 136 981 1268 3491">
     <span class='ocr_line' id='line_1_7' title="bbox 140 981 1268 1069; baseline 0.001 -21"><span class='ocrx_word' id='word_1_48' title='bbox 140 983 305 1048; x_wconf 85' lang='lat' dir='ltr'>ordinatus</span> <span class='ocrx_word' id='word_1_49' title='bbox 335 993 384 1048; x_wconf 90' lang='lat' dir='ltr'>est</span> <span class='ocrx_word' id='word_1_50' title='bbox 445 981 580 1048; x_wconf 87' lang='lat' dir='ltr'>oslariae</span> <span class='ocrx_word' id='word_1_51' title='bbox 607 985 642 1047; x_wconf 94' lang='lat' dir='ltr'>in</span> <span class='ocrx_word' id='word_1_52' title='bbox 670 983 829 1066; x_wconf 80' lang='lat' dir='ltr'>Saxonis,</span> <span class='ocrx_word' id='word_1_53' title='bbox 863 1007 938 1050; x_wconf 90' lang='lat' dir='ltr'>oum</span> <span class='ocrx_word' id='word_1_54' title='bbox 967 987 1116 1069; x_wconf 86' lang='lat' dir='ltr'>Augusta</span> <span class='ocrx_word' id='word_1_55' title='bbox 1149 987 1268 1049; x_wconf 85' lang='lat' dir='ltr'>orvitas</span> 
     </span>
     <span class='ocr_line' id='line_1_8' title="bbox 138 1066 1264 1153; baseline 0 -21"><span class='ocrx_word' id='word_1_56' title='bbox 138 1069 232 1132; x_wconf 83' lang='lat' dir='ltr'>iuxta</span> <span class='ocrx_word' id='word_1_57' title='bbox 252 1068 353 1153; x_wconf 85' lang='lat' dir='ltr'>Alpes</span> <span class='ocrx_word' id='word_1_58' title='bbox 381 1067 422 1132; x_wconf 89' lang='lat' dir='ltr'>sit</span> <span class='ocrx_word' id='word_1_59' title='bbox 443 1067 477 1129; x_wconf 93' lang='lat' dir='ltr'>in</span> <span class='ocrx_word' id='word_1_60' title='bbox 499 1066 623 1133; x_wconf 88' lang='lat' dir='ltr'>Rhetia.</span> <span class='ocrx_word' id='word_1_61' title='bbox 663 1067 728 1148; x_wconf 76' lang='lat' dir='ltr'>Qui</span> <span class='ocrx_word' id='word_1_62' title='bbox 758 1078 843 1134; x_wconf 84' lang='lat' dir='ltr'>certe</span> <span class='ocrx_word' id='word_1_63' title='bbox 870 1091 935 1133; x_wconf 93' lang='lat' dir='ltr'>non</span> <span class='ocrx_word' id='word_1_64' title='bbox 964 1069 1055 1132; x_wconf 82' lang='lat' dir='ltr'>iuxta</span> <span class='ocrx_word' id='word_1_65' title='bbox 1088 1067 1264 1133; x_wconf 86' lang='lat' dir='ltr'>solemnem</span> 
     </span>
     <span class='ocr_line' id='line_1_9' title="bbox 139 1151 1267 1238; baseline 0 -22"><span class='ocrx_word' id='word_1_66' title='bbox 139 1154 365 1238; x_wconf 84' lang='lat' dir='ltr'>episcoporum</span> <span class='ocrx_word' id='word_1_67' title='bbox 393 1173 516 1216; x_wconf 87' lang='lat' dir='ltr'>morem</span> <span class='ocrx_word' id='word_1_68' title='bbox 544 1151 678 1217; x_wconf 83' lang='lat' dir='ltr'>intravit</span> <span class='ocrx_word' id='word_1_69' title='bbox 706 1174 780 1215; x_wconf 88' lang='lat' dir='ltr'>oum</span> <span class='ocrx_word' id='word_1_70' title='bbox 805 1152 882 1218; x_wconf 85' lang='lat' dir='ltr'>cleri</span> <span class='ocrx_word' id='word_1_71' title='bbox 904 1162 937 1217; x_wconf 86' lang='lat' dir='ltr'>et</span> <span class='ocrx_word' id='word_1_72' title='bbox 957 1151 1069 1238; x_wconf 91' lang='lat' dir='ltr'>populi</span> <span class='ocrx_word' id='word_1_73' title='bbox 1091 1153 1267 1237; x_wconf 84' lang='lat' dir='ltr'>suffragiis,</span> 
     </span>
     <span class='ocr_line' id='line_1_10' title="bbox 139 1233 1264 1323; baseline -0.001 -23"><span class='ocrx_word' id='word_1_74' title='bbox 139 1235 197 1300; x_wconf 91' lang='lat' dir='ltr'>sed</span> <span class='ocrx_word' id='word_1_75' title='bbox 219 1256 294 1298; x_wconf 87' lang='lat' dir='ltr'>oum</span> <span class='ocrx_word' id='word_1_76' title='bbox 315 1233 462 1299; x_wconf 85' lang='lat' dir='ltr'>hostibus</span> <span class='ocrx_word' id='word_1_77' title='bbox 484 1235 628 1300; x_wconf 90' lang='lat' dir='ltr'>eiusdem</span> <span class='ocrx_word' id='word_1_78' title='bbox 651 1236 802 1317; x_wconf 84' lang='lat' dir='ltr'>civitatis,</span> <span class='ocrx_word' id='word_1_79' title='bbox 826 1258 908 1323; x_wconf 85' lang='lat' dir='ltr'>quae</span> <span class='ocrx_word' id='word_1_80' title='bbox 929 1238 1034 1322; x_wconf 91' lang='lat' dir='ltr'>primo</span> <span class='ocrx_word' id='word_1_81' title='bbox 1051 1236 1181 1322; x_wconf 88' lang='lat' dir='ltr'>quidem</span> <span class='ocrx_word' id='word_1_82' title='bbox 1204 1259 1264 1322; x_wconf 88' lang='lat' dir='ltr'>per</span> 
     </span>
     <span class='ocr_line' id='line_1_11' title="bbox 137 1317 1266 1406; baseline 0.001 -23"><span class='ocrx_word' id='word_1_83' title='bbox 137 1317 356 1406; x_wconf 86' lang='lat' dir='ltr'>proditionem</span> <span class='ocrx_word' id='word_1_84' title='bbox 388 1329 504 1404; x_wconf 86' lang='lat' dir='ltr'>capta²</span> <span class='ocrx_word' id='word_1_85' title='bbox 534 1330 567 1385; x_wconf 90' lang='lat' dir='ltr'>et</span> <span class='ocrx_word' id='word_1_86' title='bbox 598 1343 657 1405; x_wconf 87' lang='lat' dir='ltr'>per</span> <span class='ocrx_word' id='word_1_87' title='bbox 689 1321 915 1406; x_wconf 85' lang='lat' dir='ltr'><strong>imperatorem</strong></span> <span class='ocrx_word' id='word_1_88' title='bbox 947 1319 1112 1402; x_wconf 83' lang='lat' dir='ltr'>liberata³,</span> <span class='ocrx_word' id='word_1_89' title='bbox 1146 1320 1266 1385; x_wconf 90' lang='lat' dir='ltr'>deinde</span> 
     </span>
     <span class='ocr_line' id='line_1_12' title="bbox 138 1401 1264 1490; baseline 0 -22"><span class='ocrx_word' id='word_1_90' title='bbox 138 1404 236 1468; x_wconf 83' lang='lat' dir='ltr'>etiam</span> <span class='ocrx_word' id='word_1_91' title='bbox 259 1413 354 1487; x_wconf 82' lang='lat' dir='ltr'>capta</span> <span class='ocrx_word' id='word_1_92' title='bbox 368 1412 418 1467; x_wconf 88' lang='lat' dir='ltr'>est</span> <span class='ocrx_word' id='word_1_93' title='bbox 439 1401 585 1468; x_wconf 88' lang='lat' dir='ltr'>similiter</span> <span class='ocrx_word' id='word_1_94' title='bbox 606 1427 665 1490; x_wconf 92' lang='lat' dir='ltr'>per</span> <span class='ocrx_word' id='word_1_95' title='bbox 678 1403 917 1490; x_wconf 77' lang='lat' dir='ltr'>proditionem⁴</span> <span class='ocrx_word' id='word_1_96' title='bbox 939 1413 971 1468; x_wconf 86' lang='lat' dir='ltr'>et</span> <span class='ocrx_word' id='word_1_97' title='bbox 985 1403 1027 1468; x_wconf 87' lang='lat' dir='ltr'>ad</span> <span class='ocrx_word' id='word_1_98' title='bbox 1043 1404 1145 1469; x_wconf 92' lang='lat' dir='ltr'>solum</span> <span class='ocrx_word' id='word_1_99' title='bbox 1161 1427 1199 1468; x_wconf 90' lang='lat' dir='ltr'>us</span> <span class='ocrx_word' id='word_1_100' title='bbox 1222 1427 1264 1468; x_wconf 91' lang='lat' dir='ltr'>ue</span> 
     </span>
     <span class='ocr_line' id='line_1_13' title="bbox 137 1427 1264 1574; baseline 0.002 -23"><span class='ocrx_word' id='word_1_101' title='bbox 137 1487 309 1553; x_wconf 83' lang='lat' dir='ltr'>destructa.</span> <span class='ocrx_word' id='word_1_102' title='bbox 354 1487 438 1551; x_wconf 88' lang='lat' dir='ltr'>Tum</span> <span class='ocrx_word' id='word_1_103' title='bbox 464 1508 541 1551; x_wconf 88' lang='lat' dir='ltr'>vero</span> <span class='ocrx_word' id='word_1_104' title='bbox 571 1488 686 1573; x_wconf 86' lang='lat' dir='ltr'>ingens</span> <span class='ocrx_word' id='word_1_105' title='bbox 713 1489 835 1574; x_wconf 88' lang='lat' dir='ltr'>praeda</span> <span class='ocrx_word' id='word_1_106' title='bbox 856 1489 942 1554; x_wconf 86' lang='lat' dir='ltr'>facta</span> <span class='ocrx_word' id='word_1_107' title='bbox 964 1498 1014 1552; x_wconf 87' lang='lat' dir='ltr'>est</span> <span class='ocrx_word' id='word_1_108' title='bbox 1035 1487 1083 1552; x_wconf 89' lang='lat' dir='ltr'>ibi</span> <span class='ocrx_word' id='word_1_109' title='bbox 1104 1511 1147 1553; x_wconf 85' lang='lat' dir='ltr'>ex</span> <span class='ocrx_word' id='word_1_110' title='bbox 1167 1427 1264 1553; x_wconf 72' lang='lat' dir='ltr'>rebus</span> 
     </span>
     <span class='ocr_line' id='line_1_14' title="bbox 137 1569 1264 1719; baseline 0.001 -83"><span class='ocrx_word' id='word_1_111' title='bbox 137 1579 235 1657; x_wconf 86' lang='lat' dir='ltr'>atque</span> <span class='ocrx_word' id='word_1_112' title='bbox 263 1570 358 1636; x_wconf 89' lang='lat' dir='ltr'>bonis</span> <span class='ocrx_word' id='word_1_113' title='bbox 390 1581 457 1636; x_wconf 84' lang='lat' dir='ltr'>tam</span> <span class='ocrx_word' id='word_1_114' title='bbox 491 1569 567 1636; x_wconf 88' lang='lat' dir='ltr'>olori</span> <span class='ocrx_word' id='word_1_115' title='bbox 600 1594 696 1718; x_wconf 69' lang='lat' dir='ltr'>(pam</span> <span class='ocrx_word' id='word_1_116' title='bbox 729 1573 850 1658; x_wconf 88' lang='lat' dir='ltr'>populi,</span> <span class='ocrx_word' id='word_1_117' title='bbox 887 1572 1005 1719; x_wconf 72' lang='lat' dir='ltr'>‹puibus</span> <span class='ocrx_word' id='word_1_118' title='bbox 1035 1573 1122 1658; x_wconf 89' lang='lat' dir='ltr'>apud</span> <span class='ocrx_word' id='word_1_119' title='bbox 1155 1573 1264 1637; x_wconf 88' lang='lat' dir='ltr'>hostes</span> 
     </span>
     <span class='ocr_line' id='line_1_15' title="bbox 137 1654 1264 1740; baseline 0.003 -22"><span class='ocrx_word' id='word_1_120' title='bbox 137 1654 293 1740; x_wconf 84' lang='lat' dir='ltr'>prodesse</span> <span class='ocrx_word' id='word_1_121' title='bbox 314 1677 379 1719; x_wconf 90' lang='lat' dir='ltr'>non</span> <span class='ocrx_word' id='word_1_122' title='bbox 400 1655 507 1740; x_wconf 87' lang='lat' dir='ltr'>potuit</span> <span class='ocrx_word' id='word_1_123' title='bbox 527 1664 615 1740; x_wconf 90' lang='lat' dir='ltr'>temp</span> <span class='ocrx_word' id='word_1_124' title='bbox 629 1678 683 1719; x_wconf 95' lang='lat' dir='ltr'>um</span> <span class='ocrx_word' id='word_1_125' title='bbox 698 1655 763 1720; x_wconf 88' lang='lat' dir='ltr'>Dei</span> <span class='ocrx_word' id='word_1_126' title='bbox 785 1667 817 1720; x_wconf 92' lang='lat' dir='ltr'>et</span> <span class='ocrx_word' id='word_1_127' title='bbox 838 1657 975 1721; x_wconf 83' lang='lat' dir='ltr'>eccesia</span> <span class='ocrx_word' id='word_1_128' title='bbox 998 1665 1126 1721; x_wconf 86' lang='lat' dir='ltr'>sanotae</span> <span class='ocrx_word' id='word_1_129' title='bbox 1141 1657 1264 1731; x_wconf 86' lang='lat' dir='ltr'>Mariae</span> 
     </span>
     <span class='ocr_line' id='line_1_16' title="bbox 138 1739 1264 1837; baseline 0.001 -35"><span class='ocrx_word' id='word_1_130' title='bbox 138 1761 266 1837; x_wconf 85' lang='lat' dir='ltr'>semper</span> <span class='ocrx_word' id='word_1_131' title='bbox 294 1740 445 1824; x_wconf 85' lang='lat' dir='ltr'>virginis,</span> <span class='ocrx_word' id='word_1_132' title='bbox 472 1739 529 1803; x_wconf 91' lang='lat' dir='ltr'>ubi</span> <span class='ocrx_word' id='word_1_133' title='bbox 562 1740 643 1804; x_wconf 85' lang='lat' dir='ltr'>haec</span> <span class='ocrx_word' id='word_1_134' title='bbox 674 1740 840 1804; x_wconf 83' lang='lat' dir='ltr'>recondita</span> <span class='ocrx_word' id='word_1_135' title='bbox 873 1751 949 1804; x_wconf 88' lang='lat' dir='ltr'>sunt</span> <span class='ocrx_word' id='word_1_136' title='bbox 980 1749 1114 1826; x_wconf 92' lang='lat' dir='ltr'>propter</span> <span class='ocrx_word' id='word_1_137' title='bbox 1142 1750 1264 1805; x_wconf 91' lang='lat' dir='ltr'>metum</span> 
     </span>
     <span class='ocr_line' id='line_1_17' title="bbox 136 1821 1263 1909; baseline 0.001 -22"><span class='ocrx_word' id='word_1_138' title='bbox 136 1821 262 1887; x_wconf 84' lang='lat' dir='ltr'>hostrlis</span> <span class='ocrx_word' id='word_1_139' title='bbox 285 1823 488 1886; x_wconf 82' lang='lat' dir='ltr'>incursionis.</span> <span class='ocrx_word' id='word_1_140' title='bbox 522 1823 552 1888; x_wconf 92' lang='lat' dir='ltr'>O</span> <span class='ocrx_word' id='word_1_141' title='bbox 574 1846 671 1909; x_wconf 85' lang='lat' dir='ltr'>quam</span> <span class='ocrx_word' id='word_1_142' title='bbox 689 1825 794 1887; x_wconf 90' lang='lat' dir='ltr'>bonus</span> <span class='ocrx_word' id='word_1_143' title='bbox 815 1834 926 1909; x_wconf 85' lang='lat' dir='ltr'>pastor</span> <span class='ocrx_word' id='word_1_144' title='bbox 948 1834 980 1888; x_wconf 88' lang='lat' dir='ltr'>et</span> <span class='ocrx_word' id='word_1_145' title='bbox 1002 1845 1099 1908; x_wconf 85' lang='lat' dir='ltr'>quam</span> <span class='ocrx_word' id='word_1_146' title='bbox 1144 1825 1263 1889; x_wconf 88' lang='lat' dir='ltr'>rudens</span> 
     </span>
     <span class='ocr_line' id='line_1_18' title="bbox 136 1847 1264 1993; baseline 0.001 -22"><span class='ocrx_word' id='word_1_147' title='bbox 136 1906 279 1971; x_wconf 84' lang='lat' dir='ltr'>familiae</span> <span class='ocrx_word' id='word_1_148' title='bbox 299 1907 365 1970; x_wconf 91' lang='lat' dir='ltr'>Dei</span> <span class='ocrx_word' id='word_1_149' title='bbox 394 1907 598 1992; x_wconf 86' lang='lat' dir='ltr'>dispensator</span> <span class='ocrx_word' id='word_1_150' title='bbox 623 1907 676 1971; x_wconf 91' lang='lat' dir='ltr'>ille</span> <span class='ocrx_word' id='word_1_151' title='bbox 701 1908 873 1992; x_wconf 84' lang='lat' dir='ltr'>Wigoltus,</span> <span class='ocrx_word' id='word_1_152' title='bbox 903 1908 959 1993; x_wconf 92' lang='lat' dir='ltr'>qui</span> <span class='ocrx_word' id='word_1_153' title='bbox 987 1917 1098 1992; x_wconf 86' lang='lat' dir='ltr'>utpote</span> <span class='ocrx_word' id='word_1_154' title='bbox 1120 1847 1172 1971; x_wconf 62' lang='lat' dir='ltr'>dur</span> <span class='ocrx_word' id='word_1_155' title='bbox 1193 1910 1264 1992; x_wconf 88' lang='lat' dir='ltr'>ipse</span> 
     </span>
     <span class='ocr_line' id='line_1_19' title="bbox 137 1989 1264 2076; baseline 0.001 -22"><span class='ocrx_word' id='word_1_156' title='bbox 137 1992 271 2056; x_wconf 82' lang='lat' dir='ltr'>intravit</span> <span class='ocrx_word' id='word_1_157' title='bbox 298 1991 332 2053; x_wconf 94' lang='lat' dir='ltr'>in</span> <span class='ocrx_word' id='word_1_158' title='bbox 355 1991 518 2055; x_wconf 83' lang='lat' dir='ltr'>civitatem</span> <span class='ocrx_word' id='word_1_159' title='bbox 548 2012 621 2054; x_wconf 89' lang='lat' dir='ltr'>cum</span> <span class='ocrx_word' id='word_1_160' title='bbox 646 1989 772 2055; x_wconf 84' lang='lat' dir='ltr'>furibus</span> <span class='ocrx_word' id='word_1_161' title='bbox 794 2002 827 2056; x_wconf 89' lang='lat' dir='ltr'>et</span> <span class='ocrx_word' id='word_1_162' title='bbox 846 1990 1019 2056; x_wconf 85' lang='lat' dir='ltr'>homicidis</span> <span class='ocrx_word' id='word_1_163' title='bbox 1042 2001 1137 2076; x_wconf 84' lang='lat' dir='ltr'>atque</span> <span class='ocrx_word' id='word_1_164' title='bbox 1158 2001 1264 2076; x_wconf 86' lang='lat' dir='ltr'>rapto-</span> 
     </span>
     <span class='ocr_line' id='line_1_20' title="bbox 136 2074 1264 2160; baseline -0.002 -20"><span class='ocrx_word' id='word_1_165' title='bbox 136 2074 238 2156; x_wconf 91' lang='lat' dir='ltr'>ribus,</span> <span class='ocrx_word' id='word_1_166' title='bbox 266 2084 302 2140; x_wconf 94' lang='lat' dir='ltr'>ut</span> <span class='ocrx_word' id='word_1_167' title='bbox 322 2084 461 2159; x_wconf 88' lang='lat' dir='ltr'>raperet,</span> <span class='ocrx_word' id='word_1_168' title='bbox 484 2084 639 2160; x_wconf 82' lang='lat' dir='ltr'>mactaret</span> <span class='ocrx_word' id='word_1_169' title='bbox 665 2085 696 2139; x_wconf 90' lang='lat' dir='ltr'>et</span> <span class='ocrx_word' id='word_1_170' title='bbox 717 2075 882 2160; x_wconf 84' lang='lat' dir='ltr'>perderet!</span> <span class='ocrx_word' id='word_1_171' title='bbox 927 2074 1022 2155; x_wconf 77' lang='lat' dir='ltr'>Quod</span> <span class='ocrx_word' id='word_1_172' title='bbox 1047 2095 1120 2138; x_wconf 89' lang='lat' dir='ltr'>oum</span> <span class='ocrx_word' id='word_1_173' title='bbox 1141 2074 1264 2139; x_wconf 85' lang='lat' dir='ltr'>factum</span> 
     </span>
     <span class='ocr_line' id='line_1_21' title="bbox 137 2158 1264 2245; baseline -0.002 -21"><span class='ocrx_word' id='word_1_174' title='bbox 137 2161 180 2224; x_wconf 91' lang='lat' dir='ltr'>sit</span> <span class='ocrx_word' id='word_1_175' title='bbox 207 2159 287 2224; x_wconf 85' lang='lat' dir='ltr'>feria</span> <span class='ocrx_word' id='word_1_176' title='bbox 314 2159 345 2222; x_wconf 89' lang='lat'>4.</span> <span class='ocrx_word' id='word_1_177' title='bbox 374 2168 448 2223; x_wconf 89' lang='lat' dir='ltr'>ante</span> <span class='ocrx_word' id='word_1_178' title='bbox 477 2181 610 2224; x_wconf 86' lang='lat' dir='ltr'>coenam</span> <span class='ocrx_word' id='word_1_179' title='bbox 637 2159 790 2241; x_wconf 90' lang='lat' dir='ltr'>Domini,</span> <span class='ocrx_word' id='word_1_180' title='bbox 819 2168 949 2245; x_wconf 83' lang='lat' dir='ltr'>postera</span> <span class='ocrx_word' id='word_1_181' title='bbox 976 2159 1029 2223; x_wconf 89' lang='lat' dir='ltr'>die</span> <span class='ocrx_word' id='word_1_182' title='bbox 1058 2159 1195 2222; x_wconf 80' lang='lat' dir='ltr'>secessit</span> <span class='ocrx_word' id='word_1_183' title='bbox 1220 2158 1264 2223; x_wconf 82' lang='lat' dir='ltr'>ad</span> 
     </span>
     <span class='ocr_line' id='line_1_22' title="bbox 137 2243 1264 2329; baseline 0.002 -23"><span class='ocrx_word' id='word_1_184' title='bbox 137 2243 237 2308; x_wconf 84' lang='lat' dir='ltr'>altare</span> <span class='ocrx_word' id='word_1_185' title='bbox 251 2243 384 2308; x_wconf 90' lang='lat' dir='ltr'>Domini</span> <span class='ocrx_word' id='word_1_186' title='bbox 408 2253 439 2307; x_wconf 92' lang='lat' dir='ltr'>et</span> <span class='ocrx_word' id='word_1_187' title='bbox 458 2243 607 2308; x_wconf 84' lang='lat' dir='ltr'>manibus</span> <span class='ocrx_word' id='word_1_188' title='bbox 630 2244 787 2328; x_wconf 81' lang='lat' dir='ltr'>sanguine</span> <span class='ocrx_word' id='word_1_189' title='bbox 809 2243 913 2329; x_wconf 91' lang='lat' dir='ltr'>plenis</span> <span class='ocrx_word' id='word_1_190' title='bbox 936 2251 968 2307; x_wconf 90' lang='lat' dir='ltr'>et</span> <span class='ocrx_word' id='word_1_191' title='bbox 988 2243 1159 2329; x_wconf 87' lang='lat' dir='ltr'>iniquitate</span> <span class='ocrx_word' id='word_1_192' title='bbox 1173 2264 1264 2328; x_wconf 86' lang='lat' dir='ltr'>prae-</span> 
     </span>
     <span class='ocr_line' id='line_1_23' title="bbox 137 2325 1265 2412; baseline 0.002 -22"><span class='ocrx_word' id='word_1_193' title='bbox 137 2327 276 2412; x_wconf 89' lang='lat' dir='ltr'>sumpsit</span> <span class='ocrx_word' id='word_1_194' title='bbox 305 2327 388 2390; x_wconf 85' lang='lat' dir='ltr'>saori</span> <span class='ocrx_word' id='word_1_195' title='bbox 415 2327 597 2391; x_wconf 77' lang='lat' dir='ltr'>chrismatis</span> <span class='ocrx_word' id='word_1_196' title='bbox 627 2329 902 2392; x_wconf 84' lang='lat' dir='ltr'>consecrationem</span> <span class='ocrx_word' id='word_1_197' title='bbox 932 2325 995 2391; x_wconf 91' lang='lat' dir='ltr'>sibi</span> <span class='ocrx_word' id='word_1_198' title='bbox 1025 2348 1196 2412; x_wconf 86' lang='lat' dir='ltr'>usurpare,</span> <span class='ocrx_word' id='word_1_199' title='bbox 1225 2349 1265 2392; x_wconf 87' lang='lat' dir='ltr'>ao</span> 
     </span>
     <span class='ocr_line' id='line_1_24' title="bbox 137 2409 1264 2498; baseline 0.002 -24"><span class='ocrx_word' id='word_1_200' title='bbox 137 2432 215 2474; x_wconf 86' lang='lat' dir='ltr'>mox</span> <span class='ocrx_word' id='word_1_201' title='bbox 265 2421 317 2475; x_wconf 92' lang='lat' dir='ltr'>ost</span> <span class='ocrx_word' id='word_1_202' title='bbox 344 2409 540 2496; x_wconf 83' lang='lat' dir='ltr'>completum</span> <span class='ocrx_word' id='word_1_203' title='bbox 570 2411 710 2474; x_wconf 82' lang='lat' dir='ltr'>officium</span> <span class='ocrx_word' id='word_1_204' title='bbox 738 2412 892 2475; x_wconf 89' lang='lat' dir='ltr'>infirmari</span> <span class='ocrx_word' id='word_1_205' title='bbox 922 2412 1031 2498; x_wconf 87' lang='lat' dir='ltr'>eoepit</span> <span class='ocrx_word' id='word_1_206' title='bbox 1059 2421 1091 2475; x_wconf 89' lang='lat' dir='ltr'>et</span> <span class='ocrx_word' id='word_1_207' title='bbox 1112 2422 1187 2496; x_wconf 92' lang='lat' dir='ltr'>post</span> <span class='ocrx_word' id='word_1_208' title='bbox 1208 2409 1264 2476; x_wconf 92' lang='lat' dir='ltr'>ali-</span> 
     </span>
     <span class='ocr_line' id='line_1_25' title="bbox 137 2433 1263 2580; baseline 0.004 -24"><span class='ocrx_word' id='word_1_209' title='bbox 137 2505 217 2580; x_wconf 93' lang='lat' dir='ltr'>quot</span> <span class='ocrx_word' id='word_1_210' title='bbox 237 2433 307 2559; x_wconf 75' lang='lat' dir='ltr'>dies</span> <span class='ocrx_word' id='word_1_211' title='bbox 330 2517 403 2575; x_wconf 83' lang='lat' dir='ltr'>oum</span> <span class='ocrx_word' id='word_1_212' title='bbox 425 2516 545 2580; x_wconf 84' lang='lat' dir='ltr'>magno</span> <span class='ocrx_word' id='word_1_213' title='bbox 567 2503 726 2559; x_wconf 87' lang='lat' dir='ltr'>tormento</span> <span class='ocrx_word' id='word_1_214' title='bbox 747 2497 847 2559; x_wconf 86' lang='lat' dir='ltr'>vitam</span> <span class='ocrx_word' id='word_1_215' title='bbox 869 2495 982 2560; x_wconf 88' lang='lat' dir='ltr'>finivit.</span> <span class='ocrx_word' id='word_1_216' title='bbox 1027 2494 1134 2580; x_wconf 79' lang='lat' dir='ltr'>Capta</span> <span class='ocrx_word' id='word_1_217' title='bbox 1155 2503 1263 2560; x_wconf 89' lang='lat' dir='ltr'>autem</span> 
     </span>
     <span class='ocr_line' id='line_1_26' title="bbox 137 2578 1264 2664; baseline -0.001 -21"><span class='ocrx_word' id='word_1_218' title='bbox 137 2579 277 2660; x_wconf 73' lang='lat' dir='ltr'>civitate,</span> <span class='ocrx_word' id='word_1_219' title='bbox 301 2587 415 2664; x_wconf 87' lang='lat' dir='ltr'>captus</span> <span class='ocrx_word' id='word_1_220' title='bbox 437 2587 540 2643; x_wconf 89' lang='lat' dir='ltr'>estet</span> <span class='ocrx_word' id='word_1_221' title='bbox 562 2578 742 2664; x_wconf 83' lang='lat' dir='ltr'>Sigefridus</span> <span class='ocrx_word' id='word_1_222' title='bbox 765 2582 941 2664; x_wconf 82' lang='lat' dir='ltr'>episcopus</span> <span class='ocrx_word' id='word_1_223' title='bbox 961 2579 1053 2642; x_wconf 86' lang='lat' dir='ltr'>iuxta</span> <span class='ocrx_word' id='word_1_224' title='bbox 1074 2579 1174 2644; x_wconf 86' lang='lat' dir='ltr'>altare</span> <span class='ocrx_word' id='word_1_225' title='bbox 1189 2579 1264 2661; x_wconf 92' lang='lat' dir='ltr'>Dei,</span> 
     </span>
     <span class='ocr_line' id='line_1_27' title="bbox 136 2661 1263 2810; baseline 0.001 -84"><span class='ocrx_word' id='word_1_226' title='bbox 136 2684 235 2810; x_wconf 80' lang='lat' dir='ltr'>puem</span> <span class='ocrx_word' id='word_1_227' title='bbox 257 2662 366 2728; x_wconf 81' lang='lat' dir='ltr'>Wolfa</span> <span class='ocrx_word' id='word_1_228' title='bbox 396 2661 465 2726; x_wconf 88' lang='lat' dir='ltr'>dux</span> <span class='ocrx_word' id='word_1_229' title='bbox 492 2662 655 2762; x_wconf 78' lang='lat' dir='ltr'>quondam</span> <span class='ocrx_word' id='word_1_230' title='bbox 677 2663 850 2744; x_wconf 85' lang='lat' dir='ltr'>Bavariae,</span> <span class='ocrx_word' id='word_1_231' title='bbox 883 2673 1070 2748; x_wconf 82' lang='lat' dir='ltr'>persecutor</span> <span class='ocrx_word' id='word_1_232' title='bbox 1097 2663 1263 2742; x_wconf 82' lang='lat' dir='ltr'>eeclesiae,</span> 
     </span>
     <span class='ocr_line' id='line_1_28' title="bbox 150 2745 1263 2828; baseline 0.001 -17"><span class='ocrx_word' id='word_1_233' title='bbox 150 2747 214 2811; x_wconf 84' lang='lat' dir='ltr'>ecit</span> <span class='ocrx_word' id='word_1_234' title='bbox 239 2747 272 2810; x_wconf 92' lang='lat' dir='ltr'>in</span> <span class='ocrx_word' id='word_1_235' title='bbox 302 2768 361 2810; x_wconf 84' lang='lat' dir='ltr'>sua</span> <span class='ocrx_word' id='word_1_236' title='bbox 389 2747 537 2811; x_wconf 82' lang='lat' dir='ltr'>eustodra</span> <span class='ocrx_word' id='word_1_237' title='bbox 564 2748 683 2828; x_wconf 80' lang='lat' dir='ltr'>tsneri,</span> <span class='ocrx_word' id='word_1_238' title='bbox 711 2746 815 2812; x_wconf 82' lang='lat' dir='ltr'>donec</span> <span class='ocrx_word' id='word_1_239' title='bbox 842 2769 912 2812; x_wconf 86' lang='lat' dir='ltr'>sese</span> <span class='ocrx_word' id='word_1_240' title='bbox 939 2745 1150 2812; x_wconf 85' lang='lat' dir='ltr'>redemisset⁵</span> <span class='ocrx_word' id='word_1_241' title='bbox 1182 2748 1263 2812; x_wconf 84' lang='lat' dir='ltr'>tanti</span> 
     </span>
     <span class='ocr_line' id='line_1_29' title="bbox 136 2829 1264 2917; baseline 0 -23"><span class='ocrx_word' id='word_1_242' title='bbox 136 2832 358 2896; x_wconf 86' lang='lat' dir='ltr'>aestimatione</span> <span class='ocrx_word' id='word_1_243' title='bbox 380 2830 531 2913; x_wconf 88' lang='lat' dir='ltr'>thesauri,</span> <span class='ocrx_word' id='word_1_244' title='bbox 555 2841 675 2917; x_wconf 87' lang='lat' dir='ltr'>quanta</span> <span class='ocrx_word' id='word_1_245' title='bbox 697 2831 861 2917; x_wconf 88' lang='lat' dir='ltr'>suppleret</span> <span class='ocrx_word' id='word_1_246' title='bbox 882 2830 1052 2894; x_wconf 84' lang='lat' dir='ltr'>avaritiam</span> <span class='ocrx_word' id='word_1_247' title='bbox 1075 2829 1177 2895; x_wconf 92' lang='lat' dir='ltr'>hostis</span> <span class='ocrx_word' id='word_1_248' title='bbox 1204 2831 1264 2894; x_wconf 90' lang='lat' dir='ltr'>ini-</span> 
     </span>
     <span class='ocr_line' id='line_1_30' title="bbox 138 2913 1264 3001; baseline 0.001 -23"><span class='ocrx_word' id='word_1_249' title='bbox 138 2915 203 3001; x_wconf 85' lang='lat' dir='ltr'>qui.</span> <span class='ocrx_word' id='word_1_250' title='bbox 240 2914 385 2979; x_wconf 88' lang='lat' dir='ltr'>Honeste</span> <span class='ocrx_word' id='word_1_251' title='bbox 408 2915 539 3000; x_wconf 88' lang='lat' dir='ltr'>quidem</span> <span class='ocrx_word' id='word_1_252' title='bbox 562 2913 700 2980; x_wconf 81' lang='lat' dir='ltr'>ecelesia</span> <span class='ocrx_word' id='word_1_253' title='bbox 722 2925 754 2980; x_wconf 86' lang='lat' dir='ltr'>et</span> <span class='ocrx_word' id='word_1_254' title='bbox 774 2914 926 2999; x_wconf 85' lang='lat' dir='ltr'>religiose</span> <span class='ocrx_word' id='word_1_255' title='bbox 949 2917 1095 2999; x_wconf 81' lang='lat' dir='ltr'>captivos</span> <span class='ocrx_word' id='word_1_256' title='bbox 1118 2913 1264 2996; x_wconf 87' lang='lat' dir='ltr'>redemit,</span> 
     </span>
     <span class='ocr_line' id='line_1_31' title="bbox 136 2997 1264 3083; baseline -0.002 -20"><span class='ocrx_word' id='word_1_257' title='bbox 136 3008 183 3078; x_wconf 89' lang='lat' dir='ltr'>ut,</span> <span class='ocrx_word' id='word_1_258' title='bbox 199 3020 272 3062; x_wconf 89' lang='lat' dir='ltr'>oum</span> <span class='ocrx_word' id='word_1_259' title='bbox 288 3000 351 3083; x_wconf 91' lang='lat' dir='ltr'>ipsi</span> <span class='ocrx_word' id='word_1_260' title='bbox 365 2998 407 3062; x_wconf 88' lang='lat' dir='ltr'>ab</span> <span class='ocrx_word' id='word_1_261' title='bbox 423 3020 461 3062; x_wconf 86' lang='lat' dir='ltr'>ea</span> <span class='ocrx_word' id='word_1_262' title='bbox 473 2998 684 3080; x_wconf 89' lang='lat' dir='ltr'>redimuntur,</span> <span class='ocrx_word' id='word_1_263' title='bbox 707 2999 846 3064; x_wconf 82' lang='lat' dir='ltr'>dicatur:</span> <span class='ocrx_word' id='word_1_264' title='bbox 868 2998 928 3062; x_wconf 91' lang='lat' dir='ltr'>hos</span> <span class='ocrx_word' id='word_1_265' title='bbox 944 2997 1091 3063; x_wconf 79' lang='lat' dir='ltr'>Christus</span> <span class='ocrx_word' id='word_1_266' title='bbox 1109 2999 1264 3082; x_wconf 83' lang='lat' dir='ltr'>redemit3</span> 
     </span>
     <span class='ocr_line' id='line_1_32' title="bbox 136 3081 1266 3168; baseline 0 -20"><span class='ocrx_word' id='word_1_267' title='bbox 136 3105 253 3148; x_wconf 89' lang='lat' dir='ltr'>aurum</span> <span class='ocrx_word' id='word_1_268' title='bbox 276 3085 361 3148; x_wconf 86' lang='lat' dir='ltr'>enim</span> <span class='ocrx_word' id='word_1_269' title='bbox 384 3081 521 3148; x_wconf 85' lang='lat' dir='ltr'>eeclesia</span> <span class='ocrx_word' id='word_1_270' title='bbox 542 3081 650 3165; x_wconf 91' lang='lat' dir='ltr'>habet,</span> <span class='ocrx_word' id='word_1_271' title='bbox 672 3105 736 3147; x_wconf 90' lang='lat' dir='ltr'>non</span> <span class='ocrx_word' id='word_1_272' title='bbox 759 3093 796 3148; x_wconf 94' lang='lat' dir='ltr'>ut</span> <span class='ocrx_word' id='word_1_273' title='bbox 818 3092 933 3165; x_wconf 87' lang='lat' dir='ltr'>servet,</span> <span class='ocrx_word' id='word_1_274' title='bbox 961 3081 1019 3147; x_wconf 89' lang='lat' dir='ltr'>sed</span> <span class='ocrx_word' id='word_1_275' title='bbox 1041 3091 1077 3146; x_wconf 93' lang='lat' dir='ltr'>ut</span> <span class='ocrx_word' id='word_1_276' title='bbox 1098 3094 1208 3168; x_wconf 88' lang='lat' dir='ltr'>eroget</span> <span class='ocrx_word' id='word_1_277' title='bbox 1233 3095 1266 3148; x_wconf 90' lang='lat' dir='ltr'>et</span> 
     </span>
     <span class='ocr_line' id='line_1_33' title="bbox 137 3167 1266 3253; baseline 0 -21"><span class='ocrx_word' id='word_1_278' title='bbox 137 3167 310 3232; x_wconf 83' lang='lat' dir='ltr'>subveniat</span> <span class='ocrx_word' id='word_1_279' title='bbox 336 3167 369 3229; x_wconf 92' lang='lat' dir='ltr'>in</span> <span class='ocrx_word' id='word_1_280' title='bbox 399 3167 659 3248; x_wconf 86' lang='lat' dir='ltr'>necessitatibus,</span> <span class='ocrx_word' id='word_1_281' title='bbox 708 3168 762 3230; x_wconf 85' lang='lat' dir='ltr'>uia</span> <span class='ocrx_word' id='word_1_282' title='bbox 789 3167 970 3253; x_wconf 89' lang='lat' dir='ltr'>redemptio</span> <span class='ocrx_word' id='word_1_283' title='bbox 993 3187 1031 3229; x_wconf 82' lang='lat' dir='ltr'>ou</span> <span class='ocrx_word' id='word_1_284' title='bbox 1055 3170 1194 3232; x_wconf 89' lang='lat' dir='ltr'>tivorum</span> <span class='ocrx_word' id='word_1_285' title='bbox 1216 3177 1266 3232; x_wconf 90' lang='lat' dir='ltr'>est</span> 
     </span>
     <span class='ocr_line' id='line_1_34' title="bbox 138 3189 1265 3335; baseline -0.002 -19"><span class='ocrx_word' id='word_1_286' title='bbox 138 3260 411 3316; x_wconf 80' lang='lat' dir='ltr'>sacramentorum</span> <span class='ocrx_word' id='word_1_287' title='bbox 442 3260 582 3316; x_wconf 85' lang='lat' dir='ltr'>omatus.</span> <span class='ocrx_word' id='word_1_288' title='bbox 625 3190 722 3316; x_wconf 80' lang='lat' dir='ltr'>Unde</span> <span class='ocrx_word' id='word_1_289' title='bbox 750 3261 782 3314; x_wconf 85' lang='lat' dir='ltr'>et</span> <span class='ocrx_word' id='word_1_290' title='bbox 810 3262 940 3317; x_wconf 83' lang='lat' dir='ltr'>sanetus</span> <span class='ocrx_word' id='word_1_291' title='bbox 972 3189 1165 3316; x_wconf 77' lang='lat' dir='ltr'>Ambrosius</span> <span class='ocrx_word' id='word_1_292' title='bbox 1199 3253 1265 3335; x_wconf 88' lang='lat' dir='ltr'>epi-</span> 
     </span>
     <span class='ocr_line' id='line_1_35' title="bbox 138 3332 1264 3420; baseline -0.001 -20"><span class='ocrx_word' id='word_1_293' title='bbox 138 3357 258 3420; x_wconf 75' lang='lat' dir='ltr'>scopus</span> <span class='ocrx_word' id='word_1_294' title='bbox 286 3336 319 3398; x_wconf 80' lang='lat' dir='ltr'>in</span> <span class='ocrx_word' id='word_1_295' title='bbox 346 3332 437 3399; x_wconf 79' lang='lat' dir='ltr'>libris</span> <span class='ocrx_word' id='word_1_296' title='bbox 467 3335 507 3400; x_wconf 80' lang='lat' dir='ltr'>de</span> <span class='ocrx_word' id='word_1_297' title='bbox 530 3335 682 3399; x_wconf 82' lang='lat' dir='ltr'>officiis⁶:</span> <span class='ocrx_word' id='word_1_298' title='bbox 718 3350 784 3401; x_wconf 80' lang='lat' dir='ltr'>Vere</span> <span class='ocrx_word' id='word_1_299' title='bbox 802 3349 859 3414; x_wconf 76' lang='lat' dir='ltr'>itta,</span> <span class='ocrx_word' id='word_1_300' title='bbox 883 3335 999 3420; x_wconf 77' lang='lat' dir='ltr'>inquit,</span> <span class='ocrx_word' id='word_1_301' title='bbox 1023 3358 1085 3400; x_wconf 81' lang='lat' dir='ltr'>sunt</span> <span class='ocrx_word' id='word_1_302' title='bbox 1109 3366 1179 3402; x_wconf 82' lang='lat' dir='ltr'>vasa</span> <span class='ocrx_word' id='word_1_303' title='bbox 1200 3367 1264 3414; x_wconf 79' lang='lat' dir='ltr'>pre-</span> 
     </span>
     <span class='ocr_line' id='line_1_36' title="bbox 137 3421 1264 3491; baseline -0.004 -13"><span class='ocrx_word' id='word_1_304' title='bbox 137 3425 219 3489; x_wconf 76' lang='lat' dir='ltr'>ciosa,</span> <span class='ocrx_word' id='word_1_305' title='bbox 241 3441 309 3491; x_wconf 78' lang='lat' dir='ltr'>quae</span> <span class='ocrx_word' id='word_1_306' title='bbox 324 3424 459 3476; x_wconf 77' lang='lat' dir='ltr'>redimunt</span> <span class='ocrx_word' id='word_1_307' title='bbox 472 3425 578 3476; x_wconf 78' lang='lat' dir='ltr'>animas</span> <span class='ocrx_word' id='word_1_308' title='bbox 592 3443 609 3475; x_wconf 88' lang='lat' dir='ltr'>a</span> <span class='ocrx_word' id='word_1_309' title='bbox 621 3433 713 3489; x_wconf 80' lang='lat' dir='ltr'>morte,</span> <span class='ocrx_word' id='word_1_310' title='bbox 733 3431 758 3475; x_wconf 80' lang='lat' dir='ltr'>st</span> <span class='ocrx_word' id='word_1_311' title='bbox 775 3422 820 3475; x_wconf 75' lang='lat' dir='ltr'>ille</span> <span class='ocrx_word' id='word_1_312' title='bbox 836 3441 915 3476; x_wconf 79' lang='lat' dir='ltr'>verus</span> <span class='ocrx_word' id='word_1_313' title='bbox 935 3431 972 3475; x_wconf 84' lang='lat' dir='ltr'>est</span> <span class='ocrx_word' id='word_1_314' title='bbox 990 3423 1132 3473; x_wconf 78' lang='lat' dir='ltr'>thesaurus</span> <span class='ocrx_word' id='word_1_315' title='bbox 1145 3421 1264 3484; x_wconf 74' lang='lat' dir='ltr'>Domini,</span> 
     </span>
    </p>
   </div>
   <div class='ocr_carea' id='block_1_4' title="bbox 136 3494 1264 3640">
    <p class='ocr_par' dir='ltr' id='par_1_4' title="bbox 136 3494 1264 3640">
     <span class='ocr_line' id='line_1_37' title="bbox 137 3494 1264 3566; baseline -0.003 -18"><span class='ocrx_word' id='word_1_316' title='bbox 137 3499 185 3566; x_wconf 78' lang='lat' dir='ltr'>qui</span> <span class='ocrx_word' id='word_1_317' title='bbox 204 3505 333 3564; x_wconf 79' lang='lat' dir='ltr'>operatur</span> <span class='ocrx_word' id='word_1_318' title='bbox 352 3498 424 3563; x_wconf 81' lang='lat' dir='ltr'>quod</span> <span class='ocrx_word' id='word_1_319' title='bbox 442 3499 553 3565; x_wconf 71' lang='lat' dir='ltr'>sonpuis</span> <span class='ocrx_word' id='word_1_320' title='bbox 573 3499 629 3549; x_wconf 80' lang='lat' dir='ltr'>sius</span> <span class='ocrx_word' id='word_1_321' title='bbox 649 3505 776 3563; x_wconf 73' lang='lat' dir='ltr'>operatus</span> <span class='ocrx_word' id='word_1_322' title='bbox 796 3504 842 3562; x_wconf 82' lang='lat' dir='ltr'>est,</span> <span class='ocrx_word' id='word_1_323' title='bbox 861 3507 886 3550; x_wconf 79' lang='lat' dir='ltr'>et</span> <span class='ocrx_word' id='word_1_324' title='bbox 906 3505 968 3548; x_wconf 80' lang='lat' dir='ltr'>tuno</span> <span class='ocrx_word' id='word_1_325' title='bbox 987 3513 1036 3546; x_wconf 84' lang='lat' dir='ltr'>vos</span> <span class='ocrx_word' id='word_1_326' title='bbox 1056 3494 1183 3546; x_wconf 79' lang='lat' dir='ltr'>dominici</span> <span class='ocrx_word' id='word_1_327' title='bbox 1201 3512 1264 3546; x_wconf 80' lang='lat' dir='ltr'>sau·</span> 
     </span>
     <span class='ocr_line' id='line_1_38' title="bbox 136 3567 1264 3640; baseline -0.004 -18"><span class='ocrx_word' id='word_1_328' title='bbox 136 3571 228 3640; x_wconf 69' lang='lat' dir='ltr'>putris</span> <span class='ocrx_word' id='word_1_329' title='bbox 254 3570 415 3638; x_wconf 63' lang='lat' dir='ltr'>apostotus,</span> <span class='ocrx_word' id='word_1_330' title='bbox 442 3589 501 3622; x_wconf 82' lang='lat' dir='ltr'>oum</span> <span class='ocrx_word' id='word_1_331' title='bbox 526 3571 556 3621; x_wconf 78' lang='lat' dir='ltr'>in</span> <span class='ocrx_word' id='word_1_332' title='bbox 581 3579 693 3637; x_wconf 81' lang='lat' dir='ltr'>utroque</span> <span class='ocrx_word' id='word_1_333' title='bbox 720 3570 817 3621; x_wconf 79' lang='lat' dir='ltr'>viderit</span> <span class='ocrx_word' id='word_1_334' title='bbox 842 3567 1056 3636; x_wconf 77' lang='lat' dir='ltr'>redemptionem,</span> <span class='ocrx_word' id='word_1_335' title='bbox 1083 3575 1113 3618; x_wconf 83' lang='lat' dir='ltr'>ut</span> <span class='ocrx_word' id='word_1_336' title='bbox 1139 3567 1210 3620; x_wconf 76' lang='lat' dir='ltr'>calix</span> <span class='ocrx_word' id='word_1_337' title='bbox 1231 3568 1264 3618; x_wconf 81' lang='lat' dir='ltr'>ab</span> 
     </span>
    </p>
   </div>
   <div class='ocr_carea' id='block_1_5' title="bbox 136 3634 1265 3806">
    <p class='ocr_par' dir='ltr' id='par_1_5' title="bbox 136 3634 1265 3806">
     <span class='ocr_line' id='line_1_39' title="bbox 137 3634 1264 3720; baseline -0.006 -15"><span class='ocrx_word' id='word_1_338' title='bbox 137 3654 210 3706; x_wconf 74' lang='lat' dir='ltr'>hoste</span> <span class='ocrx_word' id='word_1_339' title='bbox 234 3653 356 3716; x_wconf 73' lang='lat' dir='ltr'>redimat,</span> <span class='ocrx_word' id='word_1_340' title='bbox 388 3670 453 3719; x_wconf 77' lang='lat' dir='ltr'>quos</span> <span class='ocrx_word' id='word_1_341' title='bbox 478 3653 590 3720; x_wconf 71' lang='lat' dir='ltr'>sanquis</span> <span class='ocrx_word' id='word_1_342' title='bbox 620 3671 638 3704; x_wconf 83' lang='lat' dir='ltr'>a</span> <span class='ocrx_word' id='word_1_343' title='bbox 657 3661 769 3719; x_wconf 78' lang='lat' dir='ltr'>peccato</span> <span class='ocrx_word' id='word_1_344' title='bbox 795 3651 914 3704; x_wconf 78' lang='lat' dir='ltr'>redemit.</span> <span class='ocrx_word' id='word_1_345' title='bbox 962 3635 1052 3720; x_wconf 83' lang='lat' dir='ltr'>Ergo</span> <span class='ocrx_word' id='word_1_346' title='bbox 1080 3644 1155 3720; x_wconf 81' lang='lat' dir='ltr'>post</span> <span class='ocrx_word' id='word_1_347' title='bbox 1181 3634 1264 3698; x_wconf 84' lang='lat' dir='ltr'>duos</span> 
     </span>
     <span class='ocr_line' id='line_1_40' title="bbox 136 3717 1265 3806; baseline -0.004 -19"><span class='ocrx_word' id='word_1_348' title='bbox 136 3719 268 3787; x_wconf 82' lang='lat' dir='ltr'>tandem</span> <span class='ocrx_word' id='word_1_349' title='bbox 297 3742 399 3784; x_wconf 88' lang='lat' dir='ltr'>annos</span> <span class='ocrx_word' id='word_1_350' title='bbox 429 3717 553 3785; x_wconf 91' lang='lat' dir='ltr'>solutus</span> <span class='ocrx_word' id='word_1_351' title='bbox 584 3731 633 3785; x_wconf 89' lang='lat' dir='ltr'>est</span> <span class='ocrx_word' id='word_1_352' title='bbox 660 3719 843 3806; x_wconf 85' lang='lat' dir='ltr'>Sigefridus</span> <span class='ocrx_word' id='word_1_353' title='bbox 875 3721 1049 3806; x_wconf 86' lang='lat' dir='ltr'>episcopus</span> <span class='ocrx_word' id='word_1_354' title='bbox 1082 3742 1125 3784; x_wconf 87' lang='lat' dir='ltr'>ex</span> <span class='ocrx_word' id='word_1_355' title='bbox 1156 3717 1265 3783; x_wconf 90' lang='lat' dir='ltr'>hostili</span> 
     </span>
    </p>
   </div>
   <div class='ocr_carea' id='block_1_6' title="bbox 138 3863 284 3919">
    <p class='ocr_par' dir='ltr' id='par_1_6' title="bbox 138 3863 284 3919">
     <span class='ocr_line' id='line_1_41' title="bbox 138 3863 284 3919; baseline 0.007 -12"><span class='ocrx_word' id='word_1_356' title='bbox 138 3863 163 3919; x_wconf 76' lang='lat' dir='ltr'>s)</span> <span class='ocrx_word' id='word_1_357' title='bbox 178 3867 251 3908; x_wconf 80' lang='lat' dir='ltr'>Wolff</span> <span class='ocrx_word' id='word_1_358' title='bbox 263 3868 284 3908; x_wconf 92' lang='lat'>1.</span> 
     </span>
    </p>
   </div>
   <div class='ocr_carea' id='block_1_7' title="bbox 136 3981 1264 4422">
    <p class='ocr_par' dir='ltr' id='par_1_7' title="bbox 136 3981 1264 4422">
     <span class='ocr_line' id='line_1_42' title="bbox 137 3981 1264 4056; baseline -0.004 -18"><span class='ocrx_word' id='word_1_359' title='bbox 137 3987 169 4056; x_wconf 84' lang='lat'>1)</span> <span class='ocrx_word' id='word_1_360' title='bbox 187 3987 322 4054; x_wconf 76' lang='lat' dir='ltr'>A.1089;</span> <span class='ocrx_word' id='word_1_361' title='bbox 341 3988 490 4040; x_wconf 84' lang='lat' dir='ltr'>seeundum</span> <span class='ocrx_word' id='word_1_362' title='bbox 510 3986 618 4038; x_wconf 83' lang='lat' dir='ltr'>Ekkeh.</span> <span class='ocrx_word' id='word_1_363' title='bbox 639 3985 737 4036; x_wconf 87' lang='lat' dir='ltr'>Chron.</span> <span class='ocrx_word' id='word_1_364' title='bbox 761 4003 789 4052; x_wconf 89' lang='lat' dir='ltr'>p.</span> <span class='ocrx_word' id='word_1_365' title='bbox 808 3984 870 4038; x_wconf 77' lang='lat'>20⁷.</span> <span class='ocrx_word' id='word_1_366' title='bbox 892 3991 919 4036; x_wconf 84' lang='lat' dir='ltr'>et</span> <span class='ocrx_word' id='word_1_367' title='bbox 937 3987 1007 4036; x_wconf 81' lang='lat' dir='ltr'>Ann.</span> <span class='ocrx_word' id='word_1_368' title='bbox 1026 3985 1141 4048; x_wconf 79' lang='lat' dir='ltr'>August.</span> <span class='ocrx_word' id='word_1_369' title='bbox 1158 3998 1186 4048; x_wconf 91' lang='lat' dir='ltr'>p.</span> <span class='ocrx_word' id='word_1_370' title='bbox 1202 3981 1264 4033; x_wconf 81' lang='lat'>133.</span> 
     </span>
     <span class='ocr_line' id='line_1_43' title="bbox 136 4053 1263 4126; baseline -0.007 -12"><span class='ocrx_word' id='word_1_371' title='bbox 136 4078 163 4114; x_wconf 75' lang='lat' dir='ltr'>a.</span> <span class='ocrx_word' id='word_1_372' title='bbox 185 4060 266 4113; x_wconf 91' lang='grc'><strong>1088.</strong></span> <span class='ocrx_word' id='word_1_373' title='bbox 288 4067 408 4114; x_wconf 88' lang='lat' dir='ltr'>mortuus</span> <span class='ocrx_word' id='word_1_374' title='bbox 432 4067 480 4112; x_wconf 84' lang='lat' dir='ltr'>est.</span> <span class='ocrx_word' id='word_1_375' title='bbox 556 4057 586 4126; x_wconf 78' lang='lat'>2)</span> <span class='ocrx_word' id='word_1_376' title='bbox 612 4059 767 4111; x_wconf 81' lang='lat' dir='ltr'>Secundum</span> <span class='ocrx_word' id='word_1_377' title='bbox 789 4059 919 4111; x_wconf 84' lang='lat' dir='ltr'>Bsmoldi</span> <span class='ocrx_word' id='word_1_378' title='bbox 939 4058 1038 4110; x_wconf 78' lang='lat' dir='ltr'>chron.</span> <span class='ocrx_word' id='word_1_379' title='bbox 1062 4056 1082 4106; x_wconf 93' lang='lat' dir='ltr'>l.</span> <span class='ocrx_word' id='word_1_380' title='bbox 1103 4071 1127 4106; x_wconf 86' lang='lat' dir='ltr'>o.</span> <span class='ocrx_word' id='word_1_381' title='bbox 1153 4072 1179 4121; x_wconf 87' lang='lat' dir='ltr'>p.</span> <span class='ocrx_word' id='word_1_382' title='bbox 1199 4053 1263 4106; x_wconf 82' lang='lat'>439.</span> 
     </span>
     <span class='ocr_line' id='line_1_44' title="bbox 136 4126 1263 4199; baseline -0.007 -13"><span class='ocrx_word' id='word_1_383' title='bbox 136 4135 265 4199; x_wconf 76' lang='lat' dir='ltr'>a.1084;</span> <span class='ocrx_word' id='word_1_384' title='bbox 285 4135 433 4187; x_wconf 83' lang='lat' dir='ltr'>seeundum</span> <span class='ocrx_word' id='word_1_385' title='bbox 453 4133 561 4185; x_wconf 83' lang='lat' dir='ltr'>Ekkeb.</span> <span class='ocrx_word' id='word_1_386' title='bbox 582 4133 681 4184; x_wconf 83' lang='lat' dir='ltr'>Ohron.</span> <span class='ocrx_word' id='word_1_387' title='bbox 701 4147 726 4184; x_wconf 85' lang='lat' dir='ltr'>s.</span> <span class='ocrx_word' id='word_1_388' title='bbox 742 4130 822 4184; x_wconf 86' lang='grc'><strong>1083.</strong></span> <span class='ocrx_word' id='word_1_389' title='bbox 887 4129 917 4194; x_wconf 87' lang='grc'>3)</span> <span class='ocrx_word' id='word_1_390' title='bbox 936 4132 1030 4181; x_wconf 83' lang='lat' dir='ltr'>Mense</span> <span class='ocrx_word' id='word_1_391' title='bbox 1049 4129 1118 4194; x_wconf 78' lang='lat' dir='ltr'>Aug.</span> <span class='ocrx_word' id='word_1_392' title='bbox 1139 4143 1165 4178; x_wconf 80' lang='lat' dir='ltr'>a.</span> <span class='ocrx_word' id='word_1_393' title='bbox 1183 4126 1263 4178; x_wconf 84' lang='grc'><strong>1084.</strong></span> 
     </span>
     <span class='ocr_line' id='line_1_45' title="bbox 136 4201 1263 4274; baseline -0.005 -16"><span class='ocrx_word' id='word_1_394' title='bbox 136 4207 168 4274; x_wconf 83' lang='grc'>4)</span> <span class='ocrx_word' id='word_1_395' title='bbox 188 4209 342 4260; x_wconf 80' lang='lat' dir='ltr'>Secundum</span> <span class='ocrx_word' id='word_1_396' title='bbox 361 4209 430 4260; x_wconf 82' lang='lat' dir='ltr'>Ann.</span> <span class='ocrx_word' id='word_1_397' title='bbox 449 4209 563 4273; x_wconf 76' lang='lat' dir='ltr'>August.</span> <span class='ocrx_word' id='word_1_398' title='bbox 582 4207 670 4274; x_wconf 82' lang='lat' dir='ltr'>pridie</span> <span class='ocrx_word' id='word_1_399' title='bbox 689 4205 733 4258; x_wconf 89' lang='lat' dir='ltr'>Id.</span> <span class='ocrx_word' id='word_1_400' title='bbox 745 4206 810 4272; x_wconf 79' lang='lat' dir='ltr'>Aps.</span> <span class='ocrx_word' id='word_1_401' title='bbox 830 4222 853 4257; x_wconf 76' lang='lat' dir='ltr'>a.</span> <span class='ocrx_word' id='word_1_402' title='bbox 869 4203 949 4266; x_wconf 88' lang='grc'><strong>1088,</strong></span> <span class='ocrx_word' id='word_1_403' title='bbox 966 4205 1032 4266; x_wconf 84' lang='lat' dir='ltr'>sive,</span> <span class='ocrx_word' id='word_1_404' title='bbox 1051 4207 1081 4253; x_wconf 88' lang='lat' dir='ltr'>ut</span> <span class='ocrx_word' id='word_1_405' title='bbox 1099 4201 1263 4252; x_wconf 81' lang='lat' dir='ltr'>Waltrsmus</span> 
     </span>
     <span class='ocr_line' id='line_1_46' title="bbox 136 4274 1264 4347; baseline -0.005 -15"><span class='ocrx_word' id='word_1_406' title='bbox 136 4282 214 4347; x_wconf 84' lang='lat' dir='ltr'>dicit,</span> <span class='ocrx_word' id='word_1_407' title='bbox 233 4283 303 4333; x_wconf 82' lang='lat' dir='ltr'>feris</span> <span class='ocrx_word' id='word_1_408' title='bbox 321 4283 347 4334; x_wconf 85' lang='lat'>4.</span> <span class='ocrx_word' id='word_1_409' title='bbox 373 4288 435 4334; x_wconf 80' lang='lat' dir='ltr'>anto</span> <span class='ocrx_word' id='word_1_410' title='bbox 456 4297 567 4332; x_wconf 82' lang='lat' dir='ltr'>coenam</span> <span class='ocrx_word' id='word_1_411' title='bbox 588 4281 707 4332; x_wconf 90' lang='lat' dir='ltr'>Domini.</span> <span class='ocrx_word' id='word_1_412' title='bbox 789 4279 817 4344; x_wconf 75' lang='grc' dir='ltr'>ὅ)</span> <span class='ocrx_word' id='word_1_413' title='bbox 842 4279 883 4330; x_wconf 84' lang='lat' dir='ltr'>cf.</span> <span class='ocrx_word' id='word_1_414' title='bbox 903 4279 973 4329; x_wconf 82' lang='lat' dir='ltr'>Ann.</span> <span class='ocrx_word' id='word_1_415' title='bbox 995 4276 1110 4342; x_wconf 81' lang='lat' dir='ltr'>August.</span> <span class='ocrx_word' id='word_1_416' title='bbox 1137 4290 1161 4328; x_wconf 84' lang='lat' dir='ltr'>s.</span> <span class='ocrx_word' id='word_1_417' title='bbox 1184 4274 1264 4326; x_wconf 81' lang='lat'>1090.</span> 
     </span>
     <span class='ocr_line' id='line_1_47' title="bbox 136 4353 634 4422; baseline 0.002 -17"><span class='ocrx_word' id='word_1_418' title='bbox 136 4353 169 4422; x_wconf 82' lang='lat'>6)</span> <span class='ocrx_word' id='word_1_419' title='bbox 188 4355 324 4408; x_wconf 85' lang='lat' dir='ltr'>Ambrosii</span> <span class='ocrx_word' id='word_1_420' title='bbox 343 4358 434 4422; x_wconf 79' lang='lat' dir='ltr'>Opera</span> <span class='ocrx_word' id='word_1_421' title='bbox 451 4355 504 4419; x_wconf 86' lang='lat'>111,</span> <span class='ocrx_word' id='word_1_422' title='bbox 525 4371 553 4421; x_wconf 88' lang='lat' dir='ltr'>p.</span> <span class='ocrx_word' id='word_1_423' title='bbox 572 4355 634 4406; x_wconf 79' lang='lat'>123.</span> 
     </span>
    </p>
   </div>
   <div class='ocr_carea' id='block_1_8' title="bbox 0 0 1562 4814">
    <p class='ocr_par' dir='ltr' id='par_1_8' title="bbox 0 0 1562 4814">
     <span class='ocr_line' id='line_1_48' title="bbox 0 0 1562 4814; baseline 0 0"><span class='ocrx_word' id='word_1_424' title='bbox 0 0 1562 4814; x_wconf 95' lang='lat' dir='ltr'> </span> 
     </span>
    </p>
   </div>
  </div>
 </body>
</html>
