3114 4814
363 369 413 418 DE
433 369 593 420 UNI'l'ATll
612 370 815 424 uectusmu
837 371 1115 426 consueverint.
1266 375 1299 426 71

165 537 243 623 fuit
258 559 329 601 cum
345 536 425 602 Levi
439 540 525 602 uitae
541 548 570 602 et
581 541 695 623 pucia3
719 539 776 604 sed
797 564 857 605 oue
873 542 1057 626 prophetis,
1080 545 1139 626 qui
1155 544 1423 628 propte-uuae

177 621 293 686 tabant
314 621 353 685 de
375 622 529 686 cordibus
552 625 632 704 suis,
655 633 691 688 ut
709 625 928 706 interficerent
950 627 1092 707 coimus,
1115 650 1198 713 quae
1217 618 1341 692 nord&

176 708 373 785 moriuntur,
402 715 432 768 ct
459 707 664 788 vivificarent
692 710 835 790 animas,
866 732 949 794 quae
974 733 1042 774 aon
1063 713 1186 793 vivunt,
1212 735 1298 775 men-

175 792 290 854 tientes
311 788 439 874 populo
467 813 535 854 mco
568 791 713 856 credenti
742 794 912 857 recordatis
918 817 931 874 ,·
958 804 1098 879 propter
1126 796 1223 880 quod,
1255 797 1300 860 ait

1342 617 1393 659 sch.
1403 617 1462 668 litt.

1348 676 1382 717 l'l.
1393 676 1428 717 19.

176 873 349 953 Dominus,
382 893 401 936 ο
431 873 623 954 sacerdotes,
656 885 685 939 et
718 898 776 961 eqo
805 877 884 941 dedi
909 901 966 941 oos
993 879 1245 962 contemptibiles
1270 891 1462 962 etruscum.

175 957 314 1022 humiles
336 957 484 1022 omuibus
502 959 648 1042 populis.
691 959 836 1025 Tertium
858 960 973 1026 deinde
993 961 1154 1046 praelium
1178 963 1374 1028 factummsc.

175 1052 226 1106 est
247 1041 281 1104 in
296 1040 474 1126 Thuringia
491 1043 582 1107 1080.
604 1063 689 1106 anno
711 1043 753 1107 ab
774 1045 994 1110 incarnatione
1009 1045 1152 1127 Domini,
1175 1048 1205 1112 6.
1220 1045 1299 1110 Idus

176 1125 386 1207 Februarii¹;
413 1125 502 1211 quod
522 1124 646 1191 scilicet
667 1125 824 1213 praelium
846 1127 1006 1196 alterutris
1028 1129 1162 1214 regibus
1184 1153 1300 1216 parum

178 1231 331 1298 prospere
346 1211 452 1292 cessit,
474 1212 626 1296 quoniam
641 1233 725 1276 unus
739 1213 884 1295 victoria,
907 1211 988 1278 alter
1003 1212 1147 1278 Saxonis
1161 1216 1265 1278 caruit
1274 1225 1300 1296 ²3

177 1293 235 1358 sed
257 1293 369 1358 eodem
392 1315 477 1358 anno
498 1317 649 1360 reversus
670 1304 719 1361 est
732 1296 916 1362 Henrichus
938 1307 1183 1383 expugnaturus
1199 1298 1300 1364 Saxo·

178 1401 254 1442 num
277 1377 440 1461 duritiam,
462 1389 495 1443 et
538 1389 663 1444 uartam
685 1381 750 1443 iam
772 1392 885 1445 contra
906 1402 962 1446 eos
987 1383 1125 1446 instituit
1169 1403 1300 1468 ugnam,

176 1485 261 1612 <puae
282 1461 369 1527 facta
390 1472 439 1528 est
459 1463 490 1528 4.
513 1401 591 1528 lidus
614 1463 766 1529 Octobris
774 1476 798 1544 ³,
828 1465 957 1552 quando
985 1476 1018 1530 et
1039 1405 1216 1531 Ruodolfus
1241 1489 1301 1532 rex

175 1548 187 1610 i
213 1548 224 1609 i
245 1548 373 1611 occisus
403 1558 453 1612 est
482 1557 597 1633 quarto
619 1570 704 1612 anno
726 1569 804 1613 suae
821 1549 1043 1614 ordinationis.
1080 1550 1136 1616 Sic
1158 1549 1211 1616 ille
1226 1572 1300 1636 pro·

175 1639 289 1696 vectae
311 1631 424 1697 aetatis
446 1633 498 1695 vir
523 1632 632 1696 amisit
651 1633 752 1696 vitam
781 1655 856 1696 cum
884 1655 985 1718 regno
1008 1633 1179 1717 Saxoniae,
1209 1636 1301 1699 cuius

176 1716 353 1802 praecpiue
376 1736 475 1802 opera
496 1725 571 1781 ante
593 1714 717 1802 aliquot
737 1737 839 1780 annos
855 1719 934 1782 victi
955 1731 1030 1783 sunt
1045 1718 1203 1801 Saxones,
1226 1741 1301 1783 cum

175 1803 317 1887 primum
341 1801 522 1885 coepissent
543 1809 655 1864 contra
678 1821 787 1886 regem
809 1800 1010 1866 Henrichum
1033 1801 1199 1884 rebellare,
1228 1801 1302 1868 lieet

176 1885 331 1948 maiorem
354 1885 516 1950 exercitus
537 1885 693 1948 iacturam
714 1886 900 1968 acceperint
921 1886 1059 1952 victores
1087 1909 1183 1972 quam
1206 1887 1300 1968 victi;

175 1967 264 2054 quod
286 1966 411 2034 scilicet
431 1970 571 2054 primum
592 1969 680 2054 regis
703 1967 858 2032 Henrichi
878 1968 1034 2056 praelium
1063 1979 1174 2034 contra
1197 1969 1376 2036 Saxo-rore.

176 2075 233 2118 nes
263 2063 391 2138 gestum
418 2063 467 2118 est
494 2053 528 2116 in
550 2052 673 2116 Thurin
699 2054 748 2116 'a⁴
776 2074 861 2118 anno
892 2054 983 2123 1075.
1016 2052 1058 2118 ab
1081 2054 1299 2118 incarnatione

177 2137 322 2217 Domini,
358 2138 389 2201 i).
421 2135 497 2201 Idus
523 2137 619 2202 Iunii.
692 2157 747 2201 um
776 2136 906 2222 quidem
936 2146 1005 2202 erat
1024 2137 1203 2202 Ruodolfus
1231 2137 1299 2201 dux

176 2221 368 2301 Suevorum,
397 2222 450 2284 cui
476 2222 572 2286 etiam
599 2219 734 2286 dederat
755 2221 873 2306 Hagna
893 2225 1083 2308 imperatrix
1104 2244 1178 2287 cum
1200 2245 1234 2286 re
1259 2243 1301 2286 no

176 2305 387 2390 Burgundiae
409 2303 508 2370 tiliam
523 2327 613 2370 suam
635 2307 669 2369 in
684 2307 881 2392 coniugium,
903 2319 940 2372 ut
953 2307 1023 2392 regi
1038 2305 1212 2389 chricho,
1234 2244 1301 2371 ilio

176 2412 246 2472 suo,
269 2398 353 2456 esset
373 2399 462 2454 tanto
483 2390 618 2472 fidelior,
645 2400 767 2490 quanto
788 2391 943 2457 affinitate
964 2390 1061 2455 simul
1082 2399 1114 2455 et
1134 2387 1300 2455 beneficiis

176 2475 387 2540 coniunctior.
438 2473 505 2540 Sed
533 2475 589 2559 qui
618 2497 708 2558 prius
737 2475 844 2539 fuerat
871 2475 1022 2540 defensor
1049 2476 1176 2560 imperii
1203 2484 1300 2561 atque

176 2559 277 2624 hostis
299 2558 476 2639 Saxonum,
500 2567 615 2642 postea
634 2558 737 2624 factus
753 2569 801 2624 est
822 2560 952 2623 invasor
973 2560 1100 2644 imperii
1121 2569 1219 2644 atque
1240 2581 1300 2624 rex
1315 2590 1376 2645 s

177 2643 355 2722 Saxonum,
376 2651 413 2706 ut
432 2639 656 2727 praevalerent
676 2642 798 2727 praelia
819 2652 851 2706 et
873 2641 1044 2707 seditiones
1066 2665 1186 2713 eorum.

264 2727 312 2791 17.
348 2728 521 2812 Perempto
536 2726 694 2811 siquidem
709 2725 1152 2826 Ruodpliojegewfiaxonum,
1174 2727 1302 2812 paravit

176 2810 360 2876 Hanrichus
391 2833 450 2876 rex
482 2810 658 2874 secundam
686 2810 917 2898 profectionem
946 2811 980 2874 in
1007 2809 1144 2892 ltaliam,
1176 2811 1204 2874 si
1236 2831 1300 2896 quo

175 2905 271 2981 paeto
293 2905 403 2981 posset
422 2893 551 2960 flectere
573 2894 615 2958 ad
629 2894 883 2959 misericordiam
898 2894 1153 2960 Hildebrandum
1169 2915 1299 2994 papam,
1311 2913 1375 2957 soar.

177 2988 214 3043 ut
241 3000 356 3065 pacem
382 2976 555 3064 aliquando
583 2978 722 3063 diligens
749 2981 956 3047 misereretur
982 2977 1034 3043 vel
1066 2977 1221 3044 ecclesiae
1249 2977 1301 3043 vel

176 3065 224 3129 rei
246 3062 405 3150 publicae,
427 3084 510 3148 quae
532 3063 596 3126 iam
619 3063 742 3128 dudum
762 3065 890 3128 fucrant
917 3065 952 3126 in
973 3085 1092 3148 magna
1122 3063 1301 3128 defectione

177 3169 238 3234 pro
270 3149 456 3213 imminente
488 3146 646 3212 bellorum
678 3157 878 3233 tempestate.
928 3148 1022 3212 Tunc
1070 3147 1178 3213 uidem
1210 3157 1302 3232 gesta

177 3241 262 3313 sunt,
295 3253 379 3317 quae
407 3233 571 3318 superius⁵
599 3231 687 3296 dicta
715 3242 789 3296 sunt
817 3231 871 3296 vel
897 3231 937 3296 de
964 3169 1137 3297 rebelirone
1164 3253 1203 3296 ac
1224 3231 1303 3316 fuga

179 3315 394 3381 Hildebrandi
415 3338 519 3403 papae
540 3315 593 3381 vel
615 3315 656 3382 de
678 3318 918 3381 consecratione
941 3315 1109 3400 Wigberdi
1138 3318 1172 3380 in
1197 3317 1302 3400 ponti-

178 3400 272 3465 ficem
305 3399 391 3466 sedis
422 3399 619 3485 apostolicae
647 3399 699 3466 vel
728 3401 768 3466 de
797 3399 998 3466 ordinatione
1020 3399 1176 3464 Henrichi
1204 3401 1302 3483 regis,
1312 3431 1378 3472 10³4,

178 3483 309 3582 quando
333 3484 438 3548 factus
466 3493 514 3548 est
541 3485 718 3572 imperator
746 3495 780 3550 at
802 3507 842 3550 ue
870 3492 1027 3568 augustus
1048 3485 1141 3547 iuxta
1166 3482 1302 3568 disposi-

178 3578 300 3634 nonem
315 3568 479 3632 Romanae
494 3569 668 3655 dignitatis.
703 3569 758 3633 Ex
778 3507 833 3633 illo
854 3578 1000 3654 tempore
1020 3589 1107 3631 nunc
1130 3576 1178 3632 est
1199 3589 1302 3631 annus

179 3692 202 3744 a)
217 3695 273 3734 deut
290 3696 309 3734 1.

182 3789 210 3856 1)
223 3791 303 3857 Apud
316 3790 488 3842 Flarchheim
502 3808 527 3842 a.
544 3791 623 3844 1080.
653 3793 754 3843 Omnes
768 3791 816 3842 alii
828 3793 973 3858 scriptores
988 3790 1061 3842 illius
1075 3791 1172 3842 aetatis
1188 3790 1242 3841 alio
1259 3789 1303 3839 die

180 3879 214 3914 ac
227 3863 392 3914 Waltramus
411 3865 470 3915 vult
487 3864 617 3930 proelium
638 3867 808 3916 commissum
825 3881 885 3917 esse
906 3864 1012 3927 dicunt3
1036 3863 1070 3916 cf.
1090 3865 1181 3925 Brun,
1201 3863 1303 3924 Barth„

180 3937 299 4001 Ekken,
324 3938 357 3988 A.
377 3937 501 4004 Erphesf.
575 3935 605 4003 2)
624 3939 689 3989 Post
713 3938 844 4005 proelium
870 3937 946 3989 multi
971 3939 1108 4004 principes
1128 3937 1262 3989 saxoniae
1288 3951 1305 3984 a

180 4010 297 4062 Budolfo
318 4011 498 4062 desciverunt.
570 4010 919 4078 tumultuantium
937 4027 962 4060 a.
982 4010 1061 4062 1080.
1094 4009 1135 4060 cf.
1151 4011 1304 4060 Brunonem

180 4084 242 4147 (SS.
261 4085 294 4148 V,
314 4081 395 4149 381):
415 4083 528 4135 Factum
546 4090 583 4135 est
602 4093 690 4135 autem
709 4084 756 4135 ltoc
770 4084 905 4150 proclinati
923 4089 1049 4148 quartum
1068 4099 1139 4132 cauo
1159 4082 1193 4132 ab
1215 4083 1304 4132 iucar-

139 4211 142 4218 ,
179 4155 289 4210 notione
307 4155 418 4209 Domini
434 4156 514 4218 1080,
533 4156 629 4208 Idibus
645 4155 762 4208 Octobris
773 4157 852 4223 serie
865 4159 891 4208 b.
924 4157 966 4208 ef.
985 4154 1155 4218 Grandidier,
1175 4155 1304 4206 ‘Histoire

181 4229 317 4282 d’Alsace.
348 4231 473 4284 heuves’
492 4231 531 4294 Il,
549 4248 576 4298 p.
592 4231 653 4280 181.
674 4237 701 4282 et
713 4230 878 4282 Bernoldum
898 4227 961 4295 (SS.
975 4229 1009 4291 V,
1028 4247 1055 4294 p.
1068 4226 1151 4293 436):
1171 4236 1196 4280 ct
1209 4232 1305 4294 postea

185 4319 238 4354 arto
256 4304 300 4355 die
324 4310 464 4368 superstes,
490 4303 610 4354 munibus
634 4304 690 4355 suis
713 4305 763 4356 rite
786 4301 933 4364 ordinatis,
959 4301 997 4352 cd
1014 4300 1159 4352 Dominum
1177 4301 1305 4368 miprusre

185 4392 238 4427 noa
257 4376 504 4430 accumulatius
520 4375 645 4428 Octobris.
709 4375 739 4444 4)
759 4378 840 4444 Apud
860 4375 1036 4441 Hohenburg.
1094 4375 1123 4436 t)
1144 4374 1246 4426 (17.8
1266 4375 1304 4424 in.
