3116 4822
289 357 342 408 XX
742 357 958 412 PRAEFATIO.

289 525 423 612 lonpius
444 526 625 610 eupositum
647 535 875 611 argumentum
896 529 1079 612 superioris
1100 529 1270 612 epistulae.
1306 530 1407 596 Ouius

289 610 446 694 refutatio
463 611 572 694 primi
591 609 670 674 libri
695 619 739 672 est
761 620 997 696 arpumentum.

380 694 550 758 Videamus
571 717 658 758 nunc
675 694 964 778 praeclarissimos
982 697 1158 781 scriptores
1171 696 1264 760 illius
1279 699 1406 778 aetatis,

290 779 349 863 qui
374 780 412 842 in
437 801 558 864 mapno
586 777 644 842 illo
666 779 808 844 discidio
836 785 923 845 inter
943 803 978 844 re
1002 803 1049 844 em
1078 804 1117 844 ac
1132 801 1264 866 papam
1286 781 1406 845 abillo

290 862 437 944 stabant,
465 884 607 1008 puerum
637 862 699 928 alii
726 864 811 928 idem
840 866 927 949 quod
993 864 1153 930 altramus
1183 864 1312 946 dicunt,
1346 863 1408 930 alii

290 947 378 1030 quod
406 947 463 1011 Wa
478 956 602 1010 namus
628 947 778 1030 disputat
803 949 898 1013 nouis
921 951 1033 1013 causis
1058 959 1087 1012 et
1114 949 1316 1033 arpumentis
1337 971 1404 1013 cor-

289 1031 454 1094 roborant.
498 1029 546 1095 Ac
575 1033 734 1115 princeps
766 1034 896 1116 quidem
932 1034 1077 1098 omnium
1107 1033 1406 1098 commemorandus

289 1123 336 1176 est
372 1114 540 1179 Wenricus
577 1116 782 1180 lbeuerensis
817 1118 855 1180 in
888 1117 1031 1202 epistula
1064 1117 1254 1183 [lbeoderici
1292 1117 1407 1182 Virdu-

289 1201 402 1263 nensis
422 1200 570 1283 episcopi
591 1200 637 1263 ad
661 1198 854 1285 Greporium
870 1223 1012 1286 papam,
1041 1203 1158 1286 quiin
1179 1201 1290 1266 multis
1311 1201 1407 1266 rebus

290 1281 387 1346 aliter
419 1307 459 1348 ac
500 1281 699 1348 Waltrumus
733 1286 890 1370 disputat.
944 1285 1073 1350 Deinde
1105 1286 1222 1350 Petrus
1257 1285 1406 1366 Crassus,

311 1367 349 1430 ui
380 1368 417 1430 in
452 1367 574 1451 scripto
612 1389 672 1432 suo
711 1368 919 1450 demonstrat,
954 1368 1150 1456 Greporium
1182 1393 1314 1455 papam
1352 1371 1407 1434 ius

290 1390 525 1514 bereditarium
557 1451 818 1516 institutionibus
844 1453 1007 1518 Romanis
1037 1463 1187 1518 sanctum
1211 1453 1350 1518 uiolasse
1379 1463 1407 1516 et

290 1557 325 1598 co
345 1535 432 1618 quod
448 1537 773 1600 eucommunicauerit
788 1559 896 1624 repom
910 1537 1092 1604 Henricum
1115 1561 1236 1602 omnem
1259 1538 1407 1602 ordinem

289 1618 414 1704 lapibus
446 1622 653 1684 constitutum
689 1631 826 1686 euertere
864 1623 991 1688 conari.
1041 1622 1114 1686 Iam
1147 1623 1313 1686 Henricus
1347 1643 1407 1684 reu

288 1704 361 1788 ipse
381 1705 419 1767 in
438 1704 580 1787 epistula
596 1705 640 1768 acl
656 1703 874 1792 Greporium¹
893 1708 948 1771 ius
962 1728 1058 1770 suum
1072 1707 1158 1770 tueri
1180 1730 1219 1770 ac
1235 1705 1407 1790 defendere

290 1787 330 1850 ab
353 1791 563 1873 arropantia
574 1811 692 1874 papae
719 1800 859 1855 conatur
887 1801 916 1854 et
941 1791 1041 1872 docet,
1057 1792 1239 1875 potentiam
1268 1813 1364 1854 suam
1385 1812 1407 1852 a

289 1871 380 1936 nullo
402 1873 472 1936 nisi
493 1895 514 1936 a
529 1873 600 1938 Deo
621 1897 638 1939 e
659 1875 812 1942 manibus
834 1877 904 1941 suis
918 1877 1007 1960 eripi
1014 1896 1124 1960 posse.
1153 1875 1243 1940 Idem
1258 1875 1408 1960 queritur

289 1957 327 2020 in
357 1957 500 2041 epistula
532 1958 578 2022 ad
606 1962 793 2044 episcopum
821 1960 862 2030 A.
892 1960 931 2024 de
957 1961 1110 2024 iniuria²
1138 1981 1222 2046 quae
1256 1961 1338 2024 insit
1368 1959 1406 2021 in

289 2043 619 2107 eucommunicatione
642 2066 732 2108 anno
754 2044 844 2108 1076.
867 2045 966 2106 dicta.
1004 2042 1196 2128 Sequuntur
1217 2041 1406 2108 cardinales

288 2125 489 2190 schismatici
496 2137 520 2206 ³,
543 2129 601 2210 qui
617 2129 825 2210 potissimum
847 2128 945 2192 uerba
964 2125 1120 2212 Greporii
1139 2127 1175 2190 I:
1198 2127 1224 2188 si
1244 2125 1406 2210 quievero

288 2231 411 2294 regum,
433 2208 636 2291 sacerdotum
650 2219 723 2274 etc.⁴
745 2212 790 2274 ad
805 2212 986 2275 Heuricnm
1007 2233 1113 2295 repam
1125 2211 1292 2295 pertinere
1310 2229 1407 2292 posse

290 2303 422 2378 nepant,
445 2292 633 2378 Sipebertus
648 2291 890 2359 Gemblaceusis
910 2297 947 2359 in
971 2295 1113 2378 epistula
1134 2302 1248 2359 contra
1264 2293 1408 2357 Pascba·

290 2377 351 2440 lem
368 2387 527 2461 papam⁵,
558 2379 607 2441 'ui
633 2379 735 2441 ninus
757 2378 901 2462 eecemplo
917 2379 1093 2444 Sedecbiae
1114 2381 1303 2444 iuramenta
1325 2377 1408 2442 solui

286 2483 382 2545 posse
408 2471 517 2546 nepot,
582 2463 638 2526 ido
666 2461 960 2549 osnabruyeuasr,
982 2465 1041 2548 qui
1063 2461 1129 2528 (tre
1154 2467 1260 2528 orium
1278 2483 1407 2548 papam

286 2546 434 2630 periurii
454 2545 636 2626 insimulat,
666 2547 759 2611 Wido
781 2547 1040 2612 Ferrariensis'.
1061 2585 1101 2595 -
1155 2557 1167 2610 t
1189 2557 1295 2612 autem
1320 2546 1406 2612 Wal-

290 2638 416 2693 trumus
437 2652 534 2715 capp.
549 2628 579 2694 5.
602 2641 630 2694 et
652 2632 680 2696 6.
704 2632 825 2712 scribit,
847 2635 884 2696 in
907 2633 969 2697 buc
991 2655 1027 2696 re
1047 2636 1188 2698 manime
1206 2632 1404 2696 Hildebran-

291 2713 369 2778 dum
397 2715 517 2779 iniuste
546 2719 656 2800 spisse,
685 2716 773 2800 quod
798 2726 913 2780 contra
936 2740 1098 2781 canonum
1120 2717 1249 2781 decreta
1271 2737 1406 2780 accusa-

290 2799 408 2862 tionem
435 2801 467 2860 in
500 2821 607 2884 repom
639 2803 815 2886 accepisset
847 2824 980 2886 eumque
1013 2803 1331 2879 encommunicasset,
1360 2800 1407 2862 sic

290 2883 389 2947 etiam
410 2885 505 2946 ceteri
531 2887 715 2968 scriptores,
745 2906 825 2968 quos
850 2887 1104 2966 commemoraui,
1132 2885 1171 2948 de
1194 2885 1256 2947 buc
1277 2905 1313 2948 re
1334 2904 1407 2946 cum

291 2988 327 3030 eo
350 2969 565 3030 consentiunt.

284 3060 287 3066 '
375 3050 405 3114 2.
449 3050 559 3114 Altero
586 3048 669 3116 libro
698 3050 897 3118 Waltrumus
927 3051 1098 3136 epistulam
1120 3051 1272 3115 monacbi
1295 3052 1404 3114 cuius-

291 3134 379 3210 dam,
401 3137 496 3198 cuius
518 3157 634 3200 nomen
655 3138 860 3222 iquoramus,
882 3137 1015 3222 refutat.
1048 3137 1139 3200 Haec
1154 3135 1296 3220 prandis
1311 3141 1328 3218 (
1329 3159 1355 3198 c.
1367 3136 1405 3216 6)

291 3217 444 3304 epistula,
473 3241 557 3305 quae
586 3230 701 3284 contra
733 3219 920 3286 Clementem
972 3243 1072 3305 upum
1102 3224 1145 3301 (c.
1167 3219 1205 3299 2)
1234 3228 1263 3284 et
1292 3228 1406 3282 contra

290 3305 418 3389 repiam
439 3313 630 3388 potestatem
657 3311 701 3388 (c.
723 3304 781 3386 37)
803 3328 869 3390 pro
898 3243 1085 3391 desbnsione
1117 3301 1272 3389 Greporii
1301 3308 1345 3385 (c.
1368 3304 1405 3384 6)

290 3389 358 3451 scri
382 3398 417 3451 ta
446 3398 526 3468 erat,
559 3391 647 3453 uenit
674 3411 715 3452 eoo
741 3390 853 3454 ecbola
884 3388 1115 3453 monacborum
1147 3389 1186 3452 de
1216 3388 1406 3474 Hirsuupia

291 3478 335 3555 (c.
352 3411 428 3553 bl).
470 3473 699 3557 Respondetur
723 3475 760 3537 in
790 3475 851 3538 bac
882 3473 1024 3558 epistula
1052 3473 1098 3536 ad
1120 3474 1241 3554 omnia,
1264 3495 1347 3560 quae
1369 3474 1406 3536 in

297 3555 451 3641 Wipberti
469 3557 610 3643 epistula
624 3559 850 3637 inueniuntur,
865 3558 921 3622 sed
937 3557 1010 3643 quis
1021 3557 1071 3637 sit,
1088 3559 1145 3639 uit,
1160 3556 1202 3620 ad
1217 3579 1313 3656 quem
1329 3558 1404 3620 sori·

290 3639 355 3720 bat,
377 3649 484 3705 textus
504 3642 682 3726 scripturae
703 3663 767 3704 non
787 3640 917 3722 indicat,
941 3663 1015 3706 eum
1036 3663 1096 3706 neo
1134 3643 1234 3726 ropri1
1254 3641 1405 3722 nominis,

290 3744 351 3787 neo
383 3725 451 3788 eius
480 3723 523 3789 ad
553 3747 648 3810 quom
681 3724 832 3788 scribitur
864 3723 999 3810 epistola
1029 3663 1179 3791 vocabuli
1210 3727 1406 3790 mentionem

290 3805 432 3893 aliquam
456 3809 594 3895 scriptor
614 3808 727 3873 fecerit
749 3809 830 3892 (III,
843 3808 891 3892 2).
924 3811 1080 3895 Epistula
1100 3821 1204 3876 autem
1227 3808 1405 3891 Clementis,

293 4017 322 4087 1)
344 4021 435 4071 Bruuo
461 4019 585 4072 debello
605 4019 738 4072 Saxonico
759 4035 782 4070 c.
803 4019 852 4084 673
881 4019 952 4071 taffo
971 4021 1005 4084 V,
1032 4037 1060 4087 p.
1080 4020 1141 4072 102.
1225 4018 1255 4086 2)
1282 4019 1354 4070 taffo
1373 4021 1405 4085 V,

291 4111 316 4160 p.
334 4093 395 4144 107.
411 4093 473 4145 108.
539 4093 566 4157 3)
588 4092 747 4157 Sudsndorf,
763 4093 916 4159 Registrum
935 4094 974 4160 II,
994 4112 1020 4161 p.
1035 4093 1153 4147 61-67,
1228 4094 1256 4159 4)
1276 4093 1347 4146 Jaffe
1365 4094 1406 4158 II,

291 4185 318 4234 p.
332 4169 400 4232 4563
419 4169 462 4219 De
481 4168 583 4219 unitate
604 4166 672 4219 scol.
692 4183 765 4219 cons.
784 4167 864 4229 1,11.
930 4166 960 4235 t)
978 4167 1049 4220 taffs
1059 4169 1093 4233 V,
1112 4185 1139 4236 p.
1156 4167 1217 4223 213,
1239 4189 1241 4196 ,
1287 4169 1315 4233 6)
1334 4168 1405 4222 Ibid.

291 4258 318 4308 p.
341 4240 496 4292 atu-345.
572 4239 600 4306 7)
619 4241 669 4294 SS.
688 4241 754 4304 XII,
774 4259 799 4309 p.
822 4241 883 4292 1⁷1.

1538 976 1550 998 'a
