3098 4818
427 361 548 414 BRUNO
568 362 618 412 DE
639 361 759 413 BELLO
780 361 971 414 SAXONIOO.
1221 363 1255 412 29

137 527 353 678 ppnnuebant,
380 527 455 615 quia
483 527 600 594 nullius
632 550 706 594 eum
738 530 867 615 pictatis
899 551 969 596 esse
1002 551 1098 616 saepe
1131 532 1257 616 experti
1267 554 1333 597 rora

174 624 273 679 erant.

221 699 273 763 44.
316 696 411 760 Anno
433 697 532 781 igitur
553 705 586 760 et
606 695 743 782 amplius
765 707 936 783 postquam
966 697 1006 762 de
1029 697 1172 762 Saxonia
1197 720 1257 763 rex
1268 714 1333 758 rou.

136 781 218 847 abiit
238 779 375 863 evoluto,
398 801 470 844 cum
491 802 551 843 rex
572 791 658 844 esset
677 781 873 866 Magantia),
894 782 928 844 in
949 781 1129 845 dominicae
1153 803 1257 846 resur-

136 865 286 929 rectionis
307 865 388 929 festo
405 867 573 930 Saxonum
593 865 723 929 nuntius
744 864 819 929 illue
843 887 916 929 cum
931 864 1044 930 litteris
1058 865 1155 946 venit,
1197 884 1320 934 uasarr.
1336 883 1358 925 s.

136 947 245 1012 Udoni
260 949 451 1013 'l'reverensi
465 947 719 1034 archiepiscopo,
740 951 796 1036 qui
806 951 920 1014 missas
934 971 972 1014 eo
994 949 1047 1014 die
1064 947 1190 1013 celebra
1213 961 1256 1032 at,

136 1053 211 1096 cum
233 1042 321 1097 stans
342 1033 377 1095 in
398 1032 522 1119 pulpito
543 1031 663 1097 faceret
684 1033 804 1118 populo
833 1053 1011 1098 sermonem
1040 1035 1195 1119 porrexit,
1223 1044 1256 1098 et

136 1124 173 1180 ut
193 1137 248 1180 eas
271 1117 358 1180 omni
379 1115 500 1203 populo
523 1120 673 1181 recitaret
694 1126 726 1180 ct
747 1127 931 1202 exponeret,
953 1140 995 1182 ex
1017 1119 1159 1182 omnium
1185 1139 1255 1202 per·
1274 1131 1276 1135 “

135 1219 215 1264 sona
237 1199 405 1265 Saxonum
426 1223 484 1285 pro
507 1201 571 1264 Dei
592 1221 701 1264 amore
724 1202 857 1286 rogavit.
901 1201 998 1282 Quod
1020 1224 1094 1265 cum
1113 1223 1173 1264 rex
1186 1201 1257 1266 fieri

158 1282 336 1366 cohiberet,
362 1288 493 1350 nuntius
521 1286 590 1370 ipse
619 1283 795 1348 litterarum
825 1307 954 1350 sensum
987 1293 1104 1348 cuncto
1136 1283 1256 1370 populo

134 1305 227 1434 brevi
248 1390 393 1433 sermone
413 1367 549 1434 fidenter
571 1370 732 1454 exposuit,
762 1378 794 1433 et
816 1391 927 1433 omnes
953 1371 1009 1454 qui
1032 1370 1139 1433 Deum
1166 1371 1257 1433 time-

135 1459 223 1534 rent,
252 1475 293 1517 ne
321 1453 497 1517 Saxoniam
524 1455 713 1539 priusquam
741 1453 782 1518 de
811 1451 918 1539 aliquo
946 1454 1079 1517 crimine
1109 1454 1258 1517 convicta

134 1533 258 1619 fuisset,
273 1538 370 1600 armis
384 1536 536 1602 invadere
552 1535 677 1616 vellent,
692 1537 801 1602 verbis
817 1537 958 1600 omnium
971 1535 1136 1601 Saxonum
1149 1545 1258 1622 postu-

134 1617 223 1684 lavit.
268 1621 333 1684 Sed
363 1620 431 1684 dux
455 1619 634 1685 Suevorum
661 1619 833 1701 Rodulfus,
861 1619 999 1684 foederis
1026 1641 1046 1682 a
1073 1620 1258 1686 Saxonibus

135 1723 211 1766 cum
232 1724 310 1788 rege
331 1703 439 1767 subito
462 1704 633 1788 compositi
653 1724 719 1767 non
741 1703 869 1786 oblitus,
896 1726 1006 1788 regem
1028 1714 1185 1789 quatenus
1211 1705 1258 1768 in·

135 1787 253 1850 iuriam
274 1808 349 1850 curn
372 1788 443 1850 Deo
465 1797 533 1850 tum
552 1788 615 1851 sibi
630 1788 695 1850 suis
719 1808 760 1852 uc
781 1786 982 1884 principibus
1003 1789 1162 1851 universis
1184 1809 1258 1851 con-

136 1869 303 1934 tumeliose
324 1870 443 1934 factam
465 1891 529 1933 non
556 1871 625 1936 sine
651 1809 794 1934 vinqdicta
822 1870 996 1935 dimitteret
1024 1871 1198 1956 instigavit,
1226 1881 1259 1936 et

137 1953 168 2018 ei
189 1973 224 2016 se
246 1976 320 2018 cum
341 1963 409 2019 tota
429 1953 547 2020 virtute
569 1974 666 2052 quam
695 1963 805 2039 posset
826 1953 944 2018 habere
990 1954 1122 2022 romisit.
1166 1954 1258 2018 Idem

137 2037 235 2100 ceteri
256 2039 418 2124 principes
439 2039 582 2101 univers1
603 2037 755 2119 fecerunt,
776 2036 876 2124 aliqui
899 2037 954 2124 qui
979 2059 1029 2101 cm
1050 2036 1159 2100 multis
1186 2059 1258 2122 pro-

136 2119 343 2186 missionibus
364 2120 480 2204 allecti,
502 2121 609 2207 plures
631 2131 739 2186 autem
765 2124 891 2187 vicinae
918 2121 1030 2186 mortis
1057 2121 1256 2204 necessitate,

138 2226 235 2291 quam
256 2207 359 2270 vitare
381 2228 446 2270 non
467 2216 623 2291 poterant,
646 2205 788 2271 adducti.
1000 2228 1015 2264 x

221 2290 272 2354 45.
317 2289 414 2371 Quod
435 2289 492 2353 ubi
515 2288 699 2355 Saxonibus
721 2300 769 2355 est
790 2289 952 2372 auditum,
978 2300 1056 2354 tunc
1076 2291 1258 2375 frequentes

137 2373 207 2458 regi
229 2375 417 2459 cunctisque
438 2374 629 2458 primatibus
656 2373 832 2459 legationes
860 2377 1024 2455 miserunt,
1052 2371 1258 2438 obsecrantes

137 2466 175 2520 ut
195 2478 229 2521 se
252 2479 326 2521 oum
346 2457 430 2522 ferro
445 2455 566 2522 nollent
580 2460 766 2522 innocentes
780 2459 947 2540 invadere3
970 2458 1045 2544 quia
1061 2459 1088 2521 si
1103 2458 1136 2520 in
1150 2455 1258 2544 aliquo

136 2540 185 2603 rei
218 2542 394 2604 maiestatis
426 2541 534 2624 regiae
564 2541 822 2624 ostenderentur,
849 2542 891 2605 ad
918 2543 930 2604 i
955 2563 1063 2605 sorum
1091 2541 1259 2606 arbitrium

137 2625 243 2708 parati
265 2634 371 2688 essent
396 2646 516 2710 poenas
545 2625 630 2689 dare.
679 2625 772 2689 Tunc
797 2647 857 2690 rex
884 2647 939 2689 are
964 2625 1127 2710 'episcopo
1149 2625 1258 2709 Mage-

137 2707 344 2793 daburgensi·
363 2730 437 2771 cum
466 2707 658 2806 quibusdam
689 2707 760 2772 aliis
792 2729 883 2773 suam
914 2710 1051 2794 gratiam
1083 2707 1257 2791 mandavit,

137 2789 265 2878 sibique
287 2813 307 2854 a
328 2794 395 2855 suis
416 2791 530 2855 am1cis
552 2813 622 2856 esse
644 2791 835 2874 consultum,
857 2814 898 2856 ne
920 2802 1019 2856 totam
1061 2800 1166 2854 entem
1190 2793 1258 2857 sine

138 2873 235 2974 culpa
250 2874 370 2941 deleret
383 2875 536 2957 innotuit3
560 2897 697 2960 quorum
712 2875 879 2940 consilium
894 2898 928 2941 se
942 2873 1025 2939 velle
1064 2875 1071 2890 ‘
1099 2874 1122 2938 ‘t
1136 2875 1257 2957 audire,

137 2961 167 3022 si
188 2960 242 3024 1sti
262 2958 382 3025 vellent
402 2981 422 3023 a
444 2961 511 3024 suis
530 2959 670 3022 inimicis
690 2960 856 3025 discedere
871 2957 1019 3046 sibique⁸
1033 2958 1257 3022 Burchardum

137 3042 435 3108 Halberstatenscm
465 3044 669 3128 episcopum,
699 3044 851 3109 Ottonem
879 3044 1011 3125 ducem,
1039 3043 1361 3108 Friderieum*a.³u·

162 3128 337 3192 raefectum
358 3127 501 3214 palatii1,
524 3149 598 3191 cum
620 3129 735 3193 ceteris
757 3150 838 3214 quos
860 3127 966 3192 adhuc
993 3137 1170 3213 quaereret,
1198 3137 1259 3190 tra·

138 3149 261 3275 derant.
299 3211 360 3276 Oui
374 3212 527 3296 legationi
542 3233 617 3274 cum
632 3232 790 3276 consensu
812 3213 822 3274 i
848 3233 957 3276 sorum
975 3213 1031 3297 qui
1045 3209 1260 3296 poscebantur

139 3303 189 3357 est
215 3315 420 3379 responsum,
447 3303 483 3358 ut
510 3295 575 3379 ipsi
603 3296 633 3359 ei
660 3295 720 3360 hac
751 3235 940 3361 condicione
968 3305 1257 3380 praesentarentur,

162 3386 298 3441 uatenus
321 3379 380 3442 sub
403 3389 611 3464 utrorumque
633 3381 738 3464 princi
763 3403 817 3444 um
839 3379 961 3443 iudicio
983 3389 1112 3458 starent,
1141 3388 1176 3442 ut
1202 3399 1258 3441 eos

141 3463 148 3476 '
174 3483 266 3525 orum
289 3463 445 3526 sententia
467 3461 519 3526 vel
541 3463 704 3528 convictos
749 3473 903 3544 amnaret,
930 3460 981 3525 vel
1002 3462 1152 3526 innoxios
1173 3483 1208 3525 re
1233 3463 1258 3526 's

137 3545 262 3692 gratiae
283 3567 358 3609 cum
379 3555 447 3610 tota
470 3546 636 3610 Saxonum
658 3557 753 3646 gente
780 3544 1012 3611 reconciliaret.
1063 3545 1128 3611 Sed
1149 3545 1215 3609 Wil
1228 3567 1258 3610 e-

161 3628 265 3694 almus
286 3651 346 3694 rex
367 3631 549 3714 agnomine,
571 3639 603 3694 et
617 3631 801 3696 Frrdcricns
824 3630 864 3695 de
883 3631 1002 3711 Monte,
1025 3651 1099 3694 cum
1114 3629 1260 3695 viderent

138 3723 250 3798 aperte
276 3716 341 3777 iam
369 3713 490 3778 bellum
518 3716 680 3798 coepisse,
711 3715 904 3780 sacramenti
933 3713 1019 3801 quod
1046 3736 1120 3778 oum
1141 3713 1257 3778 ceteris

138 3797 326 3863 Saxonibus
340 3797 483 3862 fecerant
498 3796 600 3879 obliti,
614 3799 852 3885 multarumque
867 3797 1084 3864 calamitatum
1100 3819 1179 3883 quas
1194 3799 1257 3883 ipsi

138 3880 265 3961 firerant
285 3883 381 3967 passi,
403 3903 528 3946 necnon
551 3881 639 3968 quod
660 3884 724 3969 ipsi
746 3905 845 3948 causa
865 3881 1052 3969 principalis
1071 3891 1162 3946 erant
1182 3881 1259 3945 inci-

164 3965 251 4030 iendi
272 3964 358 4048 belli,
381 3968 519 4051 patriam
540 3965 683 4031 infideles
705 3967 922 4048 deseruerunt,
949 3975 981 4029 et
1001 3964 1195 4030 infideliores
1217 3964 1260 4028 ad

139 3987 266 4116 Sostem
288 4052 411 4137 patriae
426 4071 536 4136 regem
557 4061 655 4116 noctu
669 4050 916 4136 transfugerunt.
960 4047 1044 4112 Nam
1065 4058 1179 4135 postea
1199 4069 1260 4112 nec

142 4211 166 4264 a)
183 4214 227 4254 sibl
244 4217 265 4255 1.

144 4343 174 4410 1)
193 4344 211 4395 i.
232 4362 254 4396 e.
274 4347 390 4398 comitem
406 4347 559 4413 pahrtiaam
578 4345 723 4398 Senoniae.
761 4343 793 4398 P.
