3116 4822
326 353 378 404 Da
396 353 554 406 UNITATE
574 353 778 406 Eccnasmn
798 353 1073 407 CONSERVANDA.
1235 353 1269 405 bi

149 520 292 586 faventes
303 521 585 586 excommunicato
599 521 668 606 regi
679 519 843 585 chricho
854 519 1013 587 noluerint
1024 519 1184 586 declinare
1196 531 1270 607 post

149 607 289 692 partium
305 625 438 669 suarum
451 604 565 670 studia.
595 605 689 670 Nova
707 615 740 670 et
753 604 899 670 inaudita
913 615 961 671 est
975 605 1172 692 praedicatio
1187 607 1269 671 cius·

150 690 246 772 modi,
270 710 343 754 cum
366 688 503 755 ecclesia
528 712 593 755 non
614 690 731 755 habeat
752 689 813 754 sibi
834 711 1022 755 concessum
1066 688 1187 755 ladium
1206 691 1269 754 nisi

149 775 290 860 spiritus,
307 773 393 860 quod
407 783 456 839 est
468 771 604 840 verbum
616 773 680 839 Dei
689 785 710 839 ¹.
739 773 866 838 Iustitia
885 775 964 861 quip
990 713 1266 840 ePlrarisaeorum

149 867 207 942 est,
229 879 295 923 non
317 856 475 940 occidere,
497 879 562 922 non
581 858 736 944 peierare.
767 857 835 924 Sed
856 881 928 924 rere
973 862 1023 924 ico
1045 859 1145 938 vobis,
1167 859 1213 924 ait
1233 860 1267 922 in

147 941 317 1029 euangelio
333 941 504 1024 Dominus,
539 944 599 1007 uia
613 944 683 1007 nisi
697 943 917 1008 abundaverit
930 945 1061 1009 iustitia
1072 952 1179 1008 vestra
1185 943 1266 1030 plus
1277 964 1356 1006 uara.
1367 965 1414 1016 sc.

149 1051 250 1114 quam
270 1027 456 1092 scribarum
477 1037 507 1092 et
518 965 789 1109 i'larisaeorum,
812 1049 879 1092 non
894 1027 1059 1092 intrabitis
1077 1029 1114 1092 in
1129 1051 1267 1114 repnum

149 1112 322 1178 caelorum.
372 1109 454 1175 (lum
481 1111 566 1176 enim
595 1109 717 1176 dictum
745 1111 787 1176 sit
817 1109 867 1175 his
902 1111 958 1197 qui
987 1121 1061 1176 sunt
1093 1111 1154 1176 sub
1186 1109 1215 1176 le
1239 1134 1266 1192 c,

149 1195 292 1260 Domino
320 1196 498 1262 iuramenta
526 1217 585 1259 sua
611 1194 760 1260 reddere:
793 1196 865 1282 Epo
894 1205 1011 1278 autem,
1038 1196 1151 1282 inquit,
1178 1133 1430 1294 volisirffir

151 1280 234 1360 clicc,
253 1281 308 1365 qui
323 1281 398 1344 estis
415 1279 475 1346 sub
491 1279 677 1364 euangelica
692 1277 898 1365 perfectione,
920 1303 987 1344 non
1003 1282 1119 1346 iurare
1136 1281 1266 1345 omnino
1342 1284 1347 1296 ’
1387 1281 1393 1293 ”

150 1373 179 1428 et
192 1387 260 1429 non
274 1366 423 1429 resistere
437 1364 542 1445 malo,
565 1366 632 1446 aad,
654 1367 684 1430 si
699 1365 774 1450 quie
789 1373 817 1428 te
830 1365 1034 1448 percusserit
1048 1366 1085 1430 in
1101 1365 1278 1434 deuteruna.

148 1448 330 1530 mamillam,
354 1449 476 1534 praebe
507 1449 560 1514 illi
591 1459 620 1514 et
649 1448 795 1512 alteram.
839 1447 929 1533 Ergo
958 1469 1031 1512 cum
1063 1448 1193 1534 gravius
1226 1449 1267 1512 sit

147 1531 256 1618 gladio
297 1553 413 1618 cogere
454 1533 497 1597 ad
529 1531 788 1620 supradictarum
820 1533 960 1617 partium
997 1533 1267 1619 conspirationem

169 1638 246 1680 uam
259 1613 449 1682 verberibus
463 1618 594 1703 exigere
608 1617 716 1696 fidem,
731 1637 807 1680 ecoe
823 1627 953 1682 sanctus
966 1616 1144 1702 Gregorius
1156 1615 1268 1682 scribit

147 1639 187 1766 de
210 1701 368 1766 eiusmodi
389 1701 430 1766 ad
452 1701 629 1767 iohannem
649 1699 1040 1787 Constantinopolitanum
1062 1702 1266 1788 episcopum:

149 1799 236 1866 Nova,
260 1785 409 1872 inquiens
419 1797 441 1868 ²,
464 1810 542 1870 atque
560 1800 686 1882 inaudita
705 1807 743 1852 est
761 1798 814 1852 ieta
828 1799 1007 1866 praedicatio,
1027 1817 1097 1867 quae
1115 1800 1266 1853 uerberibus
1288 1834 1289 1837 =

148 1882 228 1950 eripit
245 1885 339 1951 fidem.
377 1885 502 1936 Paetorea
526 1882 629 1949 etenim,
657 1876 712 1949 alt,
730 1883 805 1950 facti
826 1899 919 1934 eumue
947 1889 971 1934 et
999 1899 1054 1932 non
1074 1890 1266 1946 persecutores.

147 1951 253 2016 Huius
275 1963 383 2017 autem
398 1952 636 2100 persecutionis
658 1949 791 2032 rabiem,
813 1971 895 2036 quae
912 1949 977 2012 iam
998 1970 1063 2012 non
1078 1948 1266 2014 verberibus

146 2035 263 2120 agitur,
291 2035 348 2102 sed
375 2034 491 2121 gadiis
525 2034 620 2100 simul
649 2045 749 2123 atque
777 2034 901 2183 rapinis
934 2042 966 2097 et
995 2033 1266 2100 destructionibus

146 2119 354 2186 ecclesiarum
377 2122 445 2186 sive
467 2121 631 2186 civitatum
655 2131 688 2185 et
713 2121 808 2186 incen
831 2119 871 2184 iis
892 2116 1042 2183 villarum
1067 2117 1167 2182 multo
1187 2129 1266 2184 tem·

146 2225 226 2290 pore
258 2207 443 2271 auctoribus
476 2206 637 2292 episcopis
670 2213 849 2284 exercetur,
880 2201 985 2284 huius,
1018 2203 1160 2288 inquam,
1193 2225 1266 2288 per·

146 2289 320 2354 secutionis
348 2287 472 2356 rabiem
507 2289 696 2438 comprobat
726 2290 864 2374 scriptor
895 2285 979 2351 illius
1008 2285 1172 2386 epistolae,
1201 2309 1266 2374 qua

147 2374 290 2460 suscepit
330 2383 456 2460 partem
489 2374 540 2438 sui
589 2374 724 2460 'rogarii
756 2370 928 2436 defendere
961 2378 992 2436 et
1023 2371 1162 2436 mtendit
1194 2392 1266 2436 eam

147 2467 330 2522 sanctorum
359 2467 487 2545 patrum
516 2458 643 2544 scriptis
670 2459 745 2524 hinc
775 2455 850 2520 inde
878 2453 1097 2521 fraudulenter
1124 2454 1266 2521 collectis

146 2541 316 2624 affirmare,
337 2553 373 2608 ut
386 2541 514 2628 gladius
528 2540 657 2628 linguae
671 2541 818 2607 acerbius
833 2539 956 2624 affligat
970 2539 1149 2622 ecclesiam,
1168 2561 1265 2626 quam

145 2623 272 2711 gladius
289 2627 459 2692 occisionis
475 2626 629 2692 hactenus
644 2625 797 2690 afflixerit
810 2646 897 2706 eam3
921 2625 1072 2710 quoniam
1089 2625 1180 2690 iuxta
1196 2646 1267 2689 sen-

147 2710 299 2775 tcntiam³
322 2733 450 2798 quoque
471 2711 646 2797 Augustini
674 2709 805 2796 gravius
827 2705 871 2771 illi
895 2729 949 2772 cor
969 2707 1096 2789 feriunt,
1124 2709 1179 2792 qui
1200 2706 1266 2794 gla-

146 2793 200 2859 dio
226 2793 356 2881 linguae
383 2795 511 2878 feriunt,
538 2819 561 2863 et
591 2809 720 2875 acerbius,
741 2792 857 2878 lnquit,
886 2806 1043 2875 conquierere
1061 2807 1195 2872 simulant,
1220 2806 1267 2874 qui

147 2891 286 2958 Christum,
315 2903 443 2960 quantum
467 2891 497 2944 in
522 2893 588 2960 ipsis
613 2895 660 2956 eet,
685 2893 714 2944 in
738 2891 841 2944 tramine
860 2891 990 2944 occidunt.
1036 2872 1155 2940 Scribit
1180 2875 1266 2940 enim

145 2971 221 3046 post
252 2961 353 3026 multa
385 2971 417 3027 et
447 2961 530 3026 inter
561 2959 676 3042 multa,
710 2959 827 3047 quibus
861 2957 1074 3024 calumniatur
1101 2957 1152 3024 vel
1179 2959 1267 3025 Hen-

146 3044 257 3109 richus
285 3046 459 3132 imperator
486 3043 537 3110 vel
559 3043 709 3109 Clemens
735 3066 836 3132 papa:
871 3044 985 3109 Verum
1013 3045 1071 3129 qui
1098 3044 1266 3126 hacteuus,

146 3129 261 3216 inquit,
276 3131 412 3211 tacebat,
435 3131 512 3194 baie
527 3152 747 3214 responsurus
767 3127 952 3194 calumniae
961 3151 1060 3213 papa
1074 3127 1266 3193 Damasus⁴

141 3215 323 3299 procedat:
352 3214 431 3289 ‘Qui
458 3223 564 3301 potest
596 3214 728 3278 obviare
760 3223 788 3278 et
839 3213 1008 3278 erturbare
1031 3234 1205 3296 perversos
1238 3222 1268 3276 et

147 3321 214 3363 non
231 3297 333 3383 facit,
366 3297 451 3365 nibil
480 3309 526 3362 est
554 3297 648 3362 aliud
675 3322 773 3384 qaam
794 3236 916 3383 siluere
944 3319 1055 3361 earum
1085 3299 1265 3381 impietati;
1365 3339 1367 3342 -

147 3404 205 3459 nec
231 3385 316 3448 enim
343 3393 432 3450 caret
458 3381 617 3468 scrupulo
645 3383 810 3448 societatis
833 3381 983 3462 occultae,
1012 3383 1070 3466 qui
1090 3380 1266 3465 manifesto

136 3467 292 3552 factumi
307 3469 425 3534 desinit
440 3468 588 3536 ciniani,
618 3467 683 3530 Leo
693 3477 828 3552 papa⁵:
850 3465 957 3558 ‘Nepli
981 3487 1043 3546 ere,
1064 3487 1137 3528 cum
1152 3467 1266 3548 possis

147 3552 331 3633 deturbare,
348 3574 532 3639 perversos,
554 3551 639 3618 nibil
654 3549 749 3615 aliud
764 3559 810 3615 eet
824 3572 922 3636 quara
944 3488 1013 3613 illis
1024 3548 1166 3634 favere,·
1189 3572 1266 3636 erpo

147 3637 234 3701 enim
251 3639 387 3703 cainan
402 3639 578 3716 resistitur,
595 3635 812 3719 approbatur,
835 3643 863 3700 et
879 3635 1010 3713 ueritas,
1034 3655 1117 3718 quae
1132 3636 1266 3698 minime

147 3719 356 3803 afferretur,
391 3722 609 3808 opprimitur.
655 3718 859 3806 Gregorius⁶
892 3720 929 3783 in
962 3720 1031 3782 suis
1065 3718 1265 3782 moralibus:

147 3803 351 3889 ‘Plerumque
381 3808 482 3893 quieti
504 3812 598 3889 atque
620 3805 809 3869 inconcussi
829 3801 1058 3888 relinquimur,
1081 3804 1111 3866 si
1133 3802 1265 3867 obviare

142 3890 264 3972 prauis
283 3911 347 3974 pro
369 3892 500 3956 iustitia
517 3910 584 3952 non
603 3911 757 3952 curamus
765 3936 776 3970 ,
797 3889 853 3954 sed
868 3888 999 3952 eumad
1016 3895 1166 3952 aeternae
1180 3887 1265 3951 citae

149 4059 176 4124 1)
197 4059 237 4110 cf.
257 4059 360 4121 1.1,12
381 4059 437 4122 (ille
452 4075 504 4126 pro
518 4057 619 4110 Obristo
630 4057 760 4124 fungitur
779 4057 915 4124 lepatione,
934 4056 981 4122 qui
994 4074 1046 4122 pro
1055 4072 1125 4121 pace
1135 4061 1265 4120 precatur

147 4131 282 4198 escariae)
304 4139 331 4184 et
350 4133 388 4195 11,
409 4150 433 4185 c.
456 4129 489 4183 13
510 4131 595 4198 (Erpa
613 4130 709 4182 Petrus
727 4131 847 4181 nondum
869 4129 1016 4198 intellipens
1035 4145 1103 4195 quae
1122 4127 1175 4178 Dei
1193 4135 1263 4190 eunt,

142 4212 236 4271 portat
258 4204 401 4272 gladium).
477 4209 505 4272 b)
525 4205 650 4270 Gregorii
674 4206 764 4271 Opera
782 4205 820 4268 II,
840 4221 867 4270 p.
888 4204 950 4254 664.
1026 4203 1055 4270 3)
1075 4202 1219 4267 Augustini
1237 4203 1264 4251 in

146 4280 275 4332 Iohannis
296 4296 392 4346 suang.
413 4297 437 4332 c.
457 4283 482 4341 1,
501 4285 578 4332 tract.
602 4279 636 4340 V,
653 4279 743 4346 Opera
761 4277 813 4345 111,
834 4277 859 4342 2,
878 4295 906 4344 p.
926 4276 988 4328 325.
1099 4277 1127 4340 4)
1145 4276 1264 4327 Decreta

147 4353 261 4405 Damasi
279 4370 376 4421 papae,
395 4354 542 4405 Hinschius
566 4371 593 4420 p.
613 4351 675 4404 508.
750 4352 777 4416 ὅ)
802 4353 921 4403 Decreta
939 4351 1039 4402 Leonis
1063 4349 1098 4402 ad
1117 4349 1263 4414 Turibium,

147 4426 295 4480 Hinschius
315 4445 340 4494 p.
361 4427 425 4478 595.
502 4426 531 4495 6)
551 4426 675 4492 Gregorii
693 4425 808 4477 Moralia
827 4425 846 4478 1.
864 4425 965 4489 XXXI,
986 4424 1076 4491 Opera
1094 4423 1117 4488 Ι,
1136 4440 1162 4491 p.
1183 4422 1263 4476 1023.
