3098 4818
319 321 354 370 92
610 317 731 368 BRUNO
749 317 799 366 DE
818 316 937 366 BELLO
957 315 1146 366 SAXONICO.

243 484 452 550 nmvaleant
472 484 646 549 inclinare.
697 484 810 548 Verum
833 486 914 569 qnia
937 485 1013 547 binc
1035 484 1112 548 inde
1134 493 1163 544 et
1184 484 1339 546 Romana
1361 505 1456 568 qra-

320 573 405 634 vitas
426 579 455 633 et
470 569 653 652 apostolica
667 569 883 632 mansuetudo
898 591 945 632 me
956 590 1020 650 per
1033 567 1173 630 mediam
1188 569 1336 630 institiae
1353 568 1457 630 viam

319 654 467 718 incedere
489 656 585 739 capit,
614 653 763 718 omnibus
794 652 913 737 quibus
931 675 1065 735 possum
1094 653 1199 714 niudis
1228 652 1287 714 boc
1316 660 1457 733 oportet

320 739 498 814 intendere,
526 737 685 822 quomodo
713 760 824 800 veram
854 760 875 800 a
893 736 994 819 falsa
1017 737 1187 815 iustitiam,
1213 735 1406 818 perfectam
1432 757 1456 796 a

311 823 396 904 ficta
418 822 643 902 obedientiam,
665 822 790 885 iudicio
810 824 920 885 sancti
935 819 1084 903 Spiritus
1099 819 1224 882 valeam
1245 821 1454 898 discernere,

320 916 349 971 et
369 915 443 969 rato
473 907 589 970 ordine
618 906 663 969 ad
676 905 780 986 finem
808 928 910 989 usqne
930 905 1122 987 perducere.
1167 904 1258 966 Haec
1287 913 1388 966 ver-0²
1424 912 1455 966 et

321 990 402 1070 abia,
433 993 463 1053 si
484 992 637 1073 propitio
658 990 729 1053 Deo
759 989 805 1053 cd
833 1012 890 1052 vos
917 991 997 1052 sani
1012 990 1212 1071 perveniunt
1241 987 1343 1072 lepati
1370 989 1453 1068 mei,
1530 987 1531 996 ’

320 1075 435 1138 melius
463 1096 562 1158 quam
589 1075 651 1136 bae
672 1073 798 1137 litterae
827 1076 903 1137 viva
927 1096 998 1136 voce
1020 1071 1277 1154 testificabuntur
1297 1081 1326 1134 et
1350 1072 1452 1136 doce·

320 1159 435 1223 bunt1.

407 1242 477 1306 120.
520 1241 601 1305 Item
623 1238 760 1304 domnus
788 1238 984 1326 apostolicus
1011 1240 1080 1324 regi
1106 1237 1283 1302 Rodulfo²z
1317 1237 1450 1325 Greqo-

319 1328 392 1390 rius
413 1329 588 1410 epiecopus
610 1348 723 1388 servus
744 1347 908 1389 servornm
923 1325 998 1402 Dei,
1020 1322 1168 1408 liudulfo
1190 1327 1263 1410 repi
1277 1324 1450 1388 omnibus-

320 1434 381 1497 que
403 1433 510 1474 secum
524 1413 561 1474 in
576 1431 676 1493 repno
692 1408 863 1472 Senonum
885 1408 1170 1489 commanentibus,
1192 1418 1258 1471 tarn
1278 1409 1452 1492 episcopis

320 1517 419 1580 quarn
441 1494 580 1557 ducibus
602 1502 631 1554 et
651 1493 829 1573 comitibus,
851 1515 909 1556 nec
929 1516 996 1556 nan
1010 1493 1194 1556 maioribus
1208 1501 1236 1556 et
1249 1492 1450 1572 minoribus,

315 1586 527 1662 peccatorum
543 1576 774 1640 absolutionem
790 1587 819 1641 et
833 1578 1046 1660 apostolicam
1062 1577 1322 1640 benedictionem.
1364 1576 1450 1642 Cum

329 1662 455 1728 Veritas
476 1665 554 1744 ipsa
576 1661 676 1741 dicat,
706 1663 850 1725 omnium
873 1664 932 1746 qui
947 1671 1087 1744 propter
1108 1662 1269 1724 iustitiam
1284 1682 1447 1744 persecu·

320 1749 439 1810 tionem
448 1747 640 1829 patiuntur,
662 1769 800 1831 repnam
821 1769 888 1809 esse
903 1745 1082 1826 coelorum,-
1093 1755 1122 1808 et
1137 1745 1303 1829 apostolus
1318 1741 1448 1826 clamet,

320 1832 480 1894 neminem
501 1832 570 1894 nisi
590 1831 650 1913 qui
668 1830 808 1916 bepitime
829 1832 999 1894 certaverit
1014 1852 1113 1912 posse
1136 1831 1309 1893 coronari:
1332 1829 1448 1908 nolite,

311 1913 383 1998 filii
404 1919 476 1995 mei,
498 1917 535 1977 in
557 1914 627 1994 boc,
649 1917 708 1996 qui
729 1937 786 1979 vos
800 1917 867 1978 iam
881 1914 979 1977 multo
994 1924 1134 1997 tempore
1149 1915 1307 1998 crepitat,
1330 1912 1447 1976 bellico

309 1999 433 2084 furore
448 1998 599 2080 deficere;
614 1999 713 2062 nolite
722 2021 788 2082 per
802 1997 1079 2081 uttinsbfcltentts
1087 2019 1252 2082 personae
1267 1996 1448 2061 mendacia

319 2084 360 2147 dc
381 2094 491 2147 nostro
504 2081 602 2163 fideli
623 2083 791 2146 adiutorio
813 2083 975 2164 dubitare,
998 2083 1055 2145 sed
1072 2083 1180 2166 ma9is
1193 2084 1364 2166 mapisque
1374 2103 1446 2164 pro

320 2167 444 2230 tuenda
464 2169 599 2230 veritate
620 2165 848 2247 ecclesiastica,
871 2189 938 2249 pro
966 2166 1172 2250 defendenda
1200 2175 1325 2230 vestrae
1347 2165 1444 2228 nobi-

321 2251 446 2314 litatis⁰
468 2251 622 2330 libertate,
643 2250 751 2314 labori
770 2252 840 2314 iam
862 2252 958 2314 citius
971 2251 1124 2332 finiendo
1146 2249 1330 2329 incumbite,
1352 2259 1383 2312 et
1402 2272 1445 2312 en

322 2335 459 2398 adverso
482 2334 685 2398 ascendendo
707 2358 764 2398 vos
785 2345 815 2399 ct
836 2357 977 2418 corpora
998 2345 1106 2398 vestra
1121 2336 1220 2419 quasi
1233 2357 1362 2397 murum
1375 2357 1445 2417 pro

321 2419 415 2482 domo
430 2417 535 2480 Israel
557 2439 720 2501 opponere
741 2421 894 2504 satapite.
940 2417 1030 2492 Quid
1043 2421 1111 2482 iam
1125 2421 1163 2482 in
1177 2419 1306 2482 duabus
1321 2418 1446 2502 synodi

321 2511 452 2566 nostrae
473 2503 739 2568 conventionibus
762 2504 801 2566 de
822 2526 897 2589 reqe
918 2502 1066 2588 Rodnlfo
1088 2511 1117 2564 et
1138 2503 1177 2566 de
1193 2503 1351 2566 Heinrico
1373 2511 1442 2565 sta-

321 2595 435 2667 tutam,
462 2588 605 2672 quidque
634 2588 681 2652 ibi
708 2588 748 2650 de
770 2611 856 2671 pace
881 2598 910 2651 et
931 2588 1110 2653 concordia
1131 2589 1229 2672 repni
1249 2589 1347 2650 etiam
1369 2586 1444 2650 cvm

320 2673 514 2735 iuramentis
535 2673 578 2734 sit
599 2671 791 2754 diffinitum,
808 2694 872 2756 per
894 2683 1024 2736 nostras
1038 2671 1164 2734 litteras
1178 2680 1207 2734 et
1216 2693 1281 2754 per
1300 2671 1442 2734 venrosd

321 2850 344 2902 n)
360 2853 415 2890 deest
432 2854 453 2896 2.
514 2852 538 2902 b)
554 2853 620 2891 illius
637 2853 657 2893 2.
719 2851 739 2904 c)
754 2853 786 2891 ita
802 2853 822 2892 2.
843 2852 876 2891 Ud
890 2862 897 2900 ς
913 2852 1039 2891 voluntatis
1057 2855 1077 2894 1.
1138 2849 1161 2901 d)
1178 2856 1269 2892 nostros
1288 2852 1327 2892 Ut.

323 3002 350 3067 1)
371 3001 458 3053 Ocdev
481 3001 648 3054 Treverensis
667 3003 732 3054 haec
751 3003 841 3053 addit:
865 3003 977 3054 ‘Andivi
995 3003 1101 3070 quidem
1122 3020 1139 3052 a
1157 3003 1243 3070 leyato
1261 3019 1316 3052 meo
1335 3002 1370 3052 B.
1388 3019 1441 3053 me—

321 3077 442 3141 tropolim
467 3076 721 3144 Maqdcburpenscm
749 3077 804 3126 iam
833 3075 882 3127 diu
905 3093 960 3127 esse
985 3076 1124 3126 viduatam
1154 3086 1177 3126 et
1203 3077 1291 3126 adbuc
1311 3093 1441 3140 perversa

321 3149 490 3214 qvorvmdam
503 3150 674 3213 contentione,
693 3166 726 3198 ne
739 3149 896 3214 desponsari
903 3151 997 3214 possit,
1007 3149 1098 3214 fuisse
1111 3149 1254 3200 turbatam.
1291 3147 1343 3198 His
1356 3149 1439 3200 modis

321 3222 441 3274 omnibus
460 3239 492 3274 erc
505 3231 649 3288 praecepto
669 3221 722 3272 Dei
741 3221 923 3288 omnipotentis
943 3229 968 3274 et
985 3223 1072 3274 suncti
1089 3221 1165 3273 Petri
1183 3230 1207 3273 et
1224 3240 1280 3274 meo
1305 3238 1339 3272 ne
1360 3239 1439 3287 prae·

320 3297 429 3348 vaknnt
447 3295 567 3360 resistite,
592 3303 616 3346 ct
634 3296 727 3345 domus
746 3295 799 3346 Dei
817 3294 927 3363 dipnum
945 3297 1153 3362 dispensatorem
1167 3313 1220 3360 per
1245 3297 1340 3346 ostium
1359 3295 1439 3348 intro·

321 3370 426 3432 ducere,
447 3387 505 3420 cum
524 3369 653 3421 communi
671 3367 788 3419 omnium
806 3370 987 3438 relipiosorum
1013 3377 1067 3421 tam
1086 3367 1342 3434 archiepiscoporum
1361 3387 1439 3434 qnam

321 3442 511 3509 episcoporum,
530 3460 630 3494 necnon
649 3443 728 3494 etiam
747 3441 900 3494 clericorum
923 3452 947 3495 et
969 3444 1097 3494 laicorum
1122 3459 1250 3494 consensu
1277 3451 1301 3493 et
1319 3442 1438 3496 electione

317 3525 469 3580 procurate.
511 3515 587 3576 Quod
610 3517 634 3566 si
651 3517 714 3567 meis
733 3517 812 3566 vultis
832 3515 1000 3582 adquiescere
1020 3515 1144 3578 consitiis,
1171 3516 1253 3566 undio
1278 3515 1348 3567 enim
1372 3517 1438 3568 inter

320 3605 367 3639 vos
386 3605 441 3639 esse
460 3589 589 3653 quosdam
602 3589 663 3640 boni
676 3588 816 3640 testimonii
833 3591 914 3653 viros,
933 3591 967 3640 A.
987 3591 1082 3640 scilicet
1096 3589 1289 3640 Goslaricnsem
1302 3590 1438 3652 decanum,

322 3661 354 3712 G.
374 3661 500 3712 Bertaldi
517 3663 592 3712 ducis
604 3663 702 3728 filium,
721 3662 759 3713 H.
780 3662 905 3730 Sipisridi
923 3664 1022 3714 comitis
1033 3662 1132 3729 fllium,
1160 3681 1272 3729 quorum
1300 3680 1382 3721 unum
1400 3680 1437 3714 me

316 3734 499 3800 praecipiente
519 3743 542 3784 et
561 3736 735 3786 consentiente
754 3736 848 3803 stipite,
875 3747 898 3788 et
922 3738 952 3787 in
977 3736 1204 3802 archiepiscopum
1219 3737 1437 3802 praenominatae

321 3807 445 3860 ecclesiae
464 3806 594 3858 ordinate.
633 3807 664 3859 Si
681 3826 743 3860 vero
762 3811 790 3860 in
810 3811 851 3861 bis
870 3811 954 3861 tribus
973 3810 1020 3876 qui
1038 3812 1134 3876 dipnus
1158 3809 1192 3860 sit
1215 3828 1268 3861 non
1285 3810 1380 3875 poterit
1397 3810 1436 3860 in·

320 3880 416 3944 veniri,
435 3879 465 3930 in
484 3879 637 3932 contritione
655 3881 743 3932 cordis
761 3885 865 3936 orando
884 3893 908 3935 et
926 3883 1072 3935 ieiunando
1092 3884 1129 3934 ad
1145 3881 1232 3933 Deum
1251 3881 1436 3947 convertimini,

320 3963 444 4022 ropantee
463 3963 492 4004 vt
511 3971 562 4004 sua
579 3956 712 4022 revelante
729 3958 819 4022 pratia
836 3975 962 4023 persona,
988 3975 1056 4023 qnae
1080 3957 1141 4008 buic
1163 3957 1265 4023 nepotis
1290 3957 1324 4006 sit
1348 3973 1435 4008 conve-

320 4029 404 4092 niens,
420 4029 506 4094 possit
524 4029 633 4079 ostendi.
672 4030 732 4080 Hoc
751 4033 851 4096 procul
873 4031 953 4082 dubio
973 4031 1089 4093 scientes,
1116 4029 1181 4095 quic
1203 4031 1270 4080 sicvt
1294 4031 1368 4080 illum
1392 4031 1435 4096 qni

321 4103 422 4154 ambitu
435 4103 579 4154 saecularis
585 4101 720 4168 potentine
729 4104 880 4155 inordinate
889 4105 1037 4168 intraverit,
1051 4105 1155 4155 vinculo
1167 4102 1436 4154 incommunicationis

321 4177 444 4243 altipabo,
463 4175 503 4226 ita
521 4193 623 4242 quoquc
642 4194 701 4228 cum
719 4178 767 4243 qui
785 4179 909 4229 canonice
926 4177 1103 4229 intronizatus
1114 4178 1212 4244 faerit,
1233 4195 1251 4226 a
1264 4175 1380 4242 peccatis
1393 4177 1435 4227 ab·

320 4251 391 4302 solvo
410 4259 434 4302 et
453 4251 598 4315 apostolica
616 4251 792 4320 benedictione
805 4250 943 4303 benedico'.
975 4252 1008 4302 P.
1084 4249 1112 4318 2)
1132 4251 1207 4302 Haec
1219 4251 1297 4302 ctiam
1309 4251 1339 4300 in
1353 4251 1436 4302 codice

325 4323 443 4374 Udabrici
461 4321 564 4389 lenitur.
607 4324 642 4374 W.
