3116 4822
282 372 315 420 18
464 371 514 420 DE
534 369 694 420 UNITATE
714 366 918 418 ECCLESIAE
939 363 1215 416 CONSERVANDA.

304 559 375 602 osse
403 537 564 623 simplices
591 535 726 600 fratrum
748 535 872 597 animos
901 533 943 598 ad
970 531 1112 597 studium
1138 532 1296 594 scismatis
1326 551 1399 594 con-

279 561 417 702 hrmare,
447 643 530 707 quae
560 622 656 686 etiam
685 629 821 704 possunt
846 639 904 681 nos
927 618 1015 702 ipsos
1037 617 1112 680 inde
1139 616 1315 680 scribentes
1343 623 1400 678 aut

279 703 357 770 alios
387 705 530 790 legentes
556 706 589 768 in
616 705 737 768 bonum
768 701 949 780 aedificare,
1005 702 1047 781 ui,
1071 699 1148 762 dum
1181 700 1399 764 convertimus

279 789 421 853 studium
450 799 593 853 nostrum
622 787 664 850 ad
692 787 908 871 cognitionem
937 722 1173 850 ecdlcsiasticae
1201 783 1400 870 disciplinae,

278 872 486 958 intelligimus
514 895 591 937 sane
619 893 678 958 per
698 873 882 935 unctionem
911 867 1021 933 Sancti
1044 867 1193 953 Spiritus,
1222 871 1277 954 qui
1306 867 1400 932 docet

277 978 337 1020 nos
359 957 399 1021 dc
421 956 581 1039 omnibus,
603 954 764 1041 quomodo
788 964 934 1040 oporteat
954 975 1014 1016 nos
1038 953 1220 1017 conversari
1246 953 1280 1015 in
1302 952 1398 1016 domo

278 1041 351 1120 Dei,
375 1062 457 1127 quae
476 1050 524 1106 est
539 1039 673 1106 ecclesia
688 1039 752 1103 Dei
771 1039 917 1120 viventis,
940 1036 1089 1100 columna
1110 1046 1141 1101 et
1162 1036 1398 1100 firmamentum

278 1126 434 1189 veritatis.

362 1209 392 1272 9.
428 1208 591 1294 Scriptum
607 1217 655 1271 est
669 1207 754 1271 enim
764 1219 784 1287 ¹,
800 1205 887 1291 quod
901 1205 1107 1268 Innocentius
1121 1225 1208 1288 papa
1223 1203 1399 1268 Arcadium

277 1292 504 1376 imperatorem
520 1290 855 1369 excommunicaverit,
878 1309 916 1352 eo
927 1287 1019 1434 ,lm
1033 1289 1067 1350 in
1082 1287 1281 1373 depositione
1297 1289 1397 1353 sanct'

277 1375 431 1440 Iohannis
466 1375 612 1460 episcopi
647 1373 858 1453 consenserit3
891 1393 925 1435 sc
985 1370 1071 1435 unde
1103 1371 1166 1434 hoc
1198 1382 1400 1458 assumptum

278 1459 328 1539 sit,
350 1481 408 1524 nos
432 1459 562 1546 quidem
583 1457 689 1522 adhuc
710 1459 869 1521 incertum
890 1465 1045 1536 tenemus,
1067 1453 1123 1520 sed
1146 1455 1208 1520 hoc
1254 1477 1289 1519 ro
1312 1465 1399 1521 certo

277 1543 444 1626 novimus,
477 1543 563 1641 quod
596 1564 657 1607 nec
689 1541 722 1604 in
750 1542 850 1626 gestis
878 1539 1098 1604 Romanorum
1129 1478 1319 1624 pontihbum
1352 1541 1399 1604 in-

277 1627 415 1710 venitur,
442 1627 499 1690 ubr
526 1637 616 1712 gesta
644 1627 764 1711 pariter
793 1623 939 1690 eiusdem
960 1624 1139 1687 Innocentii
1166 1623 1400 1706 describuntur,

278 1732 340 1773 nec
372 1712 407 1774 in
437 1709 520 1774 libro
553 1711 754 1774 decretorum
787 1711 855 1772 eius
887 1707 1053 1793 reperitur,
1080 1729 1141 1770 nec
1170 1709 1203 1770 in
1226 1707 1400 1792 Tripertita

278 1793 421 1875 historia,
450 1793 506 1858 ubi
535 1793 725 1880 plusquam
754 1792 830 1856 alibi
852 1791 990 1890 legimus
1016 1791 1056 1855 de
1078 1791 1161 1854 illius
1189 1790 1399 1876 depositionis

278 1879 444 1942 sententia.
492 1879 711 1942 Veruntamen
731 1879 877 1962 episcopr
898 1898 954 1961 qur
975 1876 1081 1960 ipsum
1103 1874 1279 1940 Iohannem
1304 1875 1400 1962 depo-

258 1966 409 2027 'sucrant
431 1962 577 2026 catholici
599 1970 704 2044 erant3
728 1961 813 2024 unde
830 1959 999 2026 Gelasius²
1021 1980 1108 2044 papa
1129 1959 1163 2021 in
1184 1956 1266 2024 libro
1289 1971 1399 2025 contra

277 2045 419 2111 fautores
452 2045 581 2132 Agathi,
614 2047 671 2110 ubi
704 2043 823 2126 scribit,
858 2041 946 2130 quod
977 2041 1154 2128 apostolica
1186 2043 1278 2108 sedes
1311 2067 1399 2108 more

262 2129 446 2211 maiorum,
476 2131 571 2194 etiam
607 2130 676 2192 sine
704 2127 768 2192 ulla
801 2128 924 2212 synodo
956 2126 1179 2210 praecedente,
1213 2127 1400 2192 exsolvendi

279 2234 359 2298 quos
386 2213 528 2299 synodus
556 2214 668 2298 iniqua
698 2213 915 2292 damnaverat,
950 2219 982 2274 et
1008 2208 1190 2292 damnandi,
1224 2211 1312 2276 nulla
1346 2236 1400 2276 ex·

277 2297 393 2362 istente
421 2296 555 2380 synodo,
583 2317 664 2382 quos
694 2296 844 2380 oportuit,
871 2293 1004 2360 haberet
1035 2294 1229 2358 facultatem.
1274 2311 1398 2379 sauctae,

278 2381 392 2466 inquit,
421 2395 558 2446 Romanae
586 2394 726 2446 memoriae
755 2394 902 2445 Iohannem
932 2393 1252 2459 Constantinopolitanae
1280 2383 1399 2459 synodal

279 2468 358 2520 etiam
377 2467 562 2520 catholicorum
579 2469 735 2533 praesulum
754 2477 821 2518 certe
841 2468 1026 2530 damnaverat,
1053 2484 1128 2532 quem
1153 2467 1227 2518 sedes
1255 2467 1400 2532 apostolica

279 2552 358 2602 ctiam
382 2552 447 2613 solo,
474 2551 538 2615 quia
562 2565 615 2600 noa
641 2549 777 2611 coruscarit,
802 2550 922 2602 absolvit.
961 2535 1091 2597 Dicitur
1111 2545 1218 2598 autem
1240 2533 1400 2598 Arcadius

278 2618 453 2702 imperator
479 2619 775 2682 excommunicatus
807 2617 916 2698 fuisse,
950 2639 987 2682 eo
1017 2619 1105 2704 quod
1139 2619 1336 2682 consenserit
1367 2619 1401 2680 in

279 2703 364 2767 beati
396 2701 548 2766 Iohannis
581 2703 725 2788 episcopi
758 2701 797 2764 de
823 2703 1002 2766 ositionem.
1047 2701 1112 2766 Sed
1146 2704 1292 2786 quamvis
1329 2703 1401 2786 pari

128 2787 437 2864 nom.1‚aa.sententia
466 2787 665 2870 constringat
692 2725 856 2870 apostolus
885 2807 949 2867 cos,
977 2788 1031 2871 qui
1052 2783 1175 2849 faciunt
1196 2795 1228 2850 et
1250 2787 1306 2872 qui
1327 2807 1401 2850 con-

278 2872 420 2937 sentiunt
441 2869 643 2950 facientibus,
671 2879 779 2933 tamen
794 2871 885 2934 iuxta
898 2868 1073 2932 humanam
1094 2870 1250 2934 rationem
1272 2869 1402 2934 levioris

301 2952 515 3019 uodammodo
550 2951 601 3016 cul
627 2975 664 3016 ae
699 2961 748 3016 est
781 2955 836 3038 qui
869 2953 1074 3034 consenserit,
1104 2974 1200 3039 quarn
1232 2955 1287 3040 qui
1313 2953 1400 3019 facit.

278 2976 322 3102 ht
340 3059 414 3100 cum
428 3034 474 3098 illi
495 2976 657 3120 praesules
681 3037 736 3120 qui
758 3037 974 3122 deposuerunt
994 3035 1193 3122 praedictum
1216 3038 1399 3122 pontificem

278 3123 342 3186 sint
368 3119 463 3205 plane
493 3119 641 3184 catholici
668 3121 760 3184 iuxta
790 3121 979 3185 sententiam
1009 3121 1113 3184 sancti
1140 3143 1244 3206 papae
1268 3120 1399 3203 Gelasii,

278 3203 413 3292 qualiter
449 3203 606 3267 Arcadius
647 3205 821 3288 imperator
857 3205 1058 3269 consentiens
1097 3205 1289 3268 facientibus
1329 3205 1399 3288 ipsc

277 3291 394 3354 meruit
415 3286 596 3372 specialiter
618 3289 893 3352 excommunicari
914 3288 965 3352 vel
980 3288 1150 3352 damnari?
1183 3287 1277 3352 Certe
1299 3289 1400 3352 multa

279 3383 353 3438 sunt
384 3371 516 3436 Arcadii
552 3373 754 3456 imperatoris
787 3371 957 3457 privilegia
990 3394 1072 3458 quae
1104 3373 1170 3438 reci
1195 3373 1220 3436 it
1252 3373 1398 3455 ecclesia,

277 3466 389 3542 utpote
411 3454 473 3520 sibi
487 3454 581 3520 valde
596 3457 785 3537 necessaria,
807 3456 890 3519 sicut
911 3463 1044 3520 testatur
1058 3455 1140 3521 liber
1155 3395 1400 3522 christianorum

277 3542 508 3624 imperatorum
537 3538 577 3603 de
604 3539 668 3604 fide
697 3537 862 3620 catholica,
891 3539 1029 3624 ideoque
1050 3561 1115 3604 non
1137 3540 1263 3626 repellit
1284 3563 1358 3605 eum
1380 3563 1400 3604 a

279 3623 503 3686 communione
516 3643 583 3686 sua.
614 3622 805 3687 Constituit³
817 3644 955 3708 namque
971 3624 1155 3688 cumfratre
1170 3647 1228 3690 suc
1244 3625 1399 3705 Honorio,

279 3705 479 3792 supplicante
500 3705 645 3788 ecclesia,
669 3715 712 3786 ut,
735 3729 945 3790 quaecuuque
966 3731 985 3771 α
1002 3710 1198 3791 parentibus
1216 3712 1287 3774 suis
1302 3712 1401 3793 impe·

278 3791 447 3854 ratoribus
468 3791 663 3854 christiania
689 3799 810 3853 statuta
833 3801 910 3854 suat
931 3791 1070 3856 diversis
1091 3794 1289 3876 temporibus
1311 3795 1401 3857 circa

279 3883 510 3940 sacrosanctus
532 3872 693 3954 ecclesias,
714 3885 870 3938 maneant
891 3875 1052 3941 inviolata
1079 3886 1173 3960 atque
1195 3879 1399 3958 incorrupta,

282 4085 310 4146 ll
331 4084 428 4150 Spuria
449 4081 565 4146 epistula
583 4081 736 4132 Innocentii
756 4083 777 4133 I.
798 4099 842 4149 ap.
862 4085 1043 4151 Nicephorum
1064 4086 1215 4150 Callistum,
1235 4087 1307 4136 Hist.
1329 4084 1398 4136 cccl.

280 4159 360 4220 XIII,
381 4157 430 4218 343
462 4155 601 4214 Constant,
628 4155 705 4220 epist.
731 4163 803 4220 pont.
829 4159 905 4209 Rom.
932 4158 1002 4224 App.
1031 4175 1059 4224 p.
1080 4159 1142 4210 905.
1219 4161 1248 4223 2)
1274 4157 1398 4224 EpIstula

280 4231 383 4281 Gelasii
403 4243 490 4295 papae
510 4228 545 4278 ad
566 4228 707 4294 episcopos
727 4229 891 4294 Dardaniae,
917 4231 995 4282 Thiel
1017 4231 1036 4281 l.
1057 4247 1081 4282 c.
1105 4233 1127 4295 I,
1152 4250 1179 4299 p.
1199 4234 1262 4282 392.
1288 4237 1315 4282 et
1334 4231 1398 4281 400.

280 4304 308 4367 3)
330 4303 422 4352 Codex
442 4302 645 4352 Theodosiacus
666 4301 707 4351 ed.
728 4303 843 4366 Haenel,
862 4303 881 4354 l.
902 4305 975 4364 XVI,
994 4306 1035 4355 tit.
1055 4305 1094 4365 11,
1115 4305 1159 4355 lex
1179 4306 1222 4356 32.
