3114 4814
340 343 389 393 DE
408 341 566 394 UNITATE
585 342 790 396 Eeeunsmn
811 343 1086 398 CONSERVANDA.
1219 347 1271 400 103

153 517 255 569 hostiae
273 516 409 568 veritatem
423 517 566 582 perfetta
584 516 717 583 eamflcio
735 519 895 583 prepfanare,
913 518 1043 583 necaret,
1068 521 1202 585 qnoniam,
1225 521 1273 586 qui

153 597 245 642 contra
264 590 457 642 ordinationem
469 588 523 640 Dei
540 590 671 653 innititur,
691 590 722 642 ab
740 591 892 644 temeritatis
911 592 1054 644 andaciam
1073 593 1168 644 divina
1186 594 1271 646 anim·

152 671 310 724 adversione
324 672 447 738 parcitur,
485 656 577 722 Haec
599 666 631 722 et
651 655 722 738 alia,
745 679 828 744 qnae
849 657 988 744 plurima
1009 660 1120 725 scribit
1141 670 1270 726 sanctus

153 737 337 825 Cyprianus
358 740 531 826 episcopus
552 743 586 806 in
606 740 688 806 libro
710 741 750 806 de
765 743 887 808 unitate
906 743 1081 809 catholicae
1103 743 1269 828 ecclesiae,

151 823 242 904 haec,
274 824 417 910 inquam,
449 825 542 890 valde
574 827 755 891 necessaria
787 836 862 891 sunt
888 838 1000 892 contra
1027 849 1091 912 eos,
1121 829 1177 915 qui
1205 852 1270 894 non

151 906 256 973 solum
271 929 361 988 voce,
384 908 440 972 sed
463 918 495 974 et
511 911 667 996 scriptura
681 910 880 996 profitentur,
902 935 936 978 se
951 911 1122 978 defendere
1145 923 1269 999 partem

152 992 203 1072 sui
225 991 376 1140 Greporii
397 1015 511 1080 papae.
546 994 689 1081 Reliquit
710 1017 786 1082 ergo
808 995 976 1061 ecclesiam
998 995 1169 1079 Adelbero,
1193 1019 1269 1084 qua-

151 1073 217 1141 lem
244 1077 290 1140 sci
303 1077 367 1142 icet
392 1077 561 1144 ecclesiam
591 1077 647 1144 des
673 1079 763 1144 ondit
784 1079 904 1145 Paulus
925 1079 1090 1166 apostolus
1112 1082 1178 1146 ‘uni
1199 1083 1268 1146 viro
1279 1105 1429 1159 scomma.

152 1161 311 1246 virginem
326 1171 448 1226 castam
464 1161 616 1229 exhibere
661 1163 780 1244 hristo',
803 1173 836 1229 et
850 1165 981 1230 secessit
1002 1164 1077 1232 inde
1099 1164 1141 1230 ad
1160 1187 1269 1250 supra-

151 1244 271 1310 dictam
292 1247 513 1330 munitionem,
537 1270 619 1334 quae
634 1247 751 1312 dicitur
764 1247 951 1332 Mons-vini,
972 1249 1031 1314 ubi
1052 1257 1084 1314 et
1097 1247 1271 1314 celebravit

153 1330 345 1394 sacrificium
364 1340 397 1395 et
412 1333 586 1398 orationem
598 1341 725 1432 praeter
739 1331 838 1398 altare
854 1342 886 1398 et
897 1334 1155 1398 communionem
1170 1331 1269 1400 eccle·

152 1415 219 1480 siae
232 1413 406 1480 catholicae
417 1415 490 1484 Dei.
507 1416 543 1482 si
555 1438 640 1480 emm
653 1415 812 1482 hereditas
823 1416 976 1482 ecclesiae
988 1426 1036 1482 est
1046 1439 1113 1503 pax
1124 1428 1155 1483 et
1164 1419 1271 1504 patria

151 1497 222 1562 eius
243 1508 291 1564 est
308 1521 384 1585 pax,
406 1501 506 1586 igitur
528 1510 560 1566 et
579 1524 713 1586 regnum
730 1500 809 1566 illud
824 1501 889 1566 Dei
909 1502 1021 1587 patris,
1043 1501 1130 1588 quod
1151 1501 1269 1568 cotidie

151 1591 245 1730 rogat
265 1581 399 1648 ecclesia
420 1595 457 1649 ut
477 1583 636 1666 adveniat,
659 1595 709 1650 est
726 1607 803 1672 pax.
838 1586 965 1668 Pacem,
986 1587 1108 1672 inquit,
1120 1585 1203 1652 celin
1227 1606 1415 1668 cossuram

150 1689 190 1731 oo
213 1669 250 1748 is,
258 1691 376 1753 paceni
387 1692 490 1734 mecm
502 1671 543 1734 do
556 1670 654 1735 vobis.
676 1669 771 1735 Unde
781 1680 914 1752 constat,
926 1692 1056 1756 precem
1066 1669 1199 1736 alteram
1207 1609 1269 1734 fui-

151 1751 225 1816 citis
239 1750 374 1816 vocibus
395 1752 510 1818 fecisse
531 1763 563 1818 et
584 1753 762 1818 dominicae
784 1754 906 1818 hostiae
928 1755 1094 1819 veritatem
1117 1777 1175 1841 per
1189 1753 1269 1820 falsa

151 1835 310 1900 sacrificia
331 1859 404 1900 eum
428 1837 623 1936 profanasse,
647 1840 789 1924 quinon
834 1846 959 1902 recatur
985 1859 1044 1923 pro
1066 1860 1146 1924 pace
1169 1837 1269 1904 eccle-

151 1921 229 1985 siae.
268 1921 373 2002 Quam
396 1921 518 1987 sc1licct
539 1943 652 2008 pacem
674 1921 777 1987 noluit
797 1859 851 1987 dic
866 1921 1028 1986 Adelbcro
1049 1921 1101 1987 uel
1121 1930 1198 1987 tunc
1221 1945 1269 1986 re·

150 2005 270 2090 cipere,
298 2006 427 2105 quando
458 2007 543 2071 intre
575 2007 739 2072 civitatem
767 2005 955 2090 Wirziburg
987 2005 1136 2071 obsessus
1165 2007 1270 2092 potuit

150 2091 226 2174 capi
259 2090 390 2176 qurdem
422 2089 475 2154 vel
508 2091 624 2172 occidi,
653 2089 710 2156 sed
738 2089 825 2154 nullo
852 2090 949 2154 modo
981 2089 1078 2171 flecti,
1111 2101 1147 2156 ut
1172 2089 1270 2155 vellet

149 2173 378 2259 imperatorem
410 2175 519 2240 videre
551 2175 604 2240 vel
629 2173 757 2261 alloqui,
787 2197 846 2261 per
873 2174 958 2261 quod
986 2173 1107 2240 destrui
1140 2196 1269 2261 quoque

146 2263 295 2323 cernitur
335 2260 439 2344 gratia
474 2259 555 2341 Dei,
592 2281 657 2346 qua
693 2261 791 2325 creati
827 2281 952 2340 sumus,
995 2281 1092 2345 quam
1128 2270 1160 2324 et
1195 2281 1269 2322 cum

150 2344 261 2429 impiis
292 2364 421 2429 quoque
443 2345 668 2408 communemb
689 2342 855 2425 habemus,
878 2365 952 2408 cum
981 2343 1096 2443 quibus
1125 2345 1270 2408 homines

152 2449 273 2511 sumus,
297 2437 393 2514 atquc
414 2428 498 2509 ideo,
522 2429 667 2514 quisquis
684 2429 824 2515 priorem
846 2437 1021 2493 contemmt
1036 2426 1182 2513 gratiam,
1206 2449 1271 2514 qua

151 2512 252 2575 creati
274 2533 393 2594 sumus,
416 2513 562 2596 ingratus
585 2533 714 2597 quoque
734 2514 843 2578 existit
868 2511 1027 2576 secundae
1048 2513 1180 2597 gratiae,
1206 2533 1270 2598 qua

151 2598 287 2659 recreati
313 2618 423 2660 sumus
449 2605 545 2682 atque
570 2595 693 2677 salvati,
714 2621 787 2661 cum
809 2619 948 2660 essemus
969 2601 1088 2660 mortui
1113 2597 1399 2680 precariarum.

151 2680 236 2744 sicut
257 2680 336 2745 dicit
350 2679 523 2766 apostolus.
557 2679 612 2744 Ex
626 2680 687 2744 hoc
703 2681 798 2762 enim,
818 2679 904 2766 quod
919 2678 1073 2744 adversae
1088 2680 1187 2764 partis
1203 2701 1220 2743 e
1246 2679 1270 2742 i-

151 2765 244 2850 scopi
260 2767 351 2829 iuxta
362 2777 482 2830 sectam
497 2765 760 2829 Manichaeorum
771 2763 952 2848 despiciunt
963 2763 998 2826 in
1012 2784 1088 2847 rege
1103 2701 1269 2827 Henricdo

152 2849 325 2930 hominem,
353 2859 532 2914 creaturam
558 2849 633 2929 Dei,
666 2848 860 2933 refugientes
887 2870 960 2912 eum
987 2846 1098 2911 videre
1119 2846 1171 2912 vel
1192 2845 1268 2911 allo·

151 2934 219 3019 qui,
241 2931 400 3019 perillam
415 2933 538 2998 scilicet
561 2934 790 3022 [excusationis
798 2933 822 3022 ο]
841 2931 1054 3012 occasionem,
1077 2953 1142 3017 qua
1159 2930 1271 2996 dicunt

150 3040 226 3084 eum
248 3039 317 3082 esse
340 3017 664 3099 excommunicatum,
687 3041 729 3083 ex
742 3016 813 3099 hoc,
835 3017 976 3102 inquam,
997 3024 1101 3082 totum
1122 3024 1170 3080 est
1191 3013 1270 3080 illud

151 3101 348 3183 scandalum,
379 3102 465 3188 quod
492 3102 690 3189 reliquerunt
716 3101 868 3166 ecclesias
890 3123 964 3165 suas
985 3109 1017 3166 et
1038 3119 1148 3164 curam
1170 3100 1270 3164 domi-

151 3189 297 3251 nicarum
313 3188 433 3268 ovium,
455 3195 487 3252 et
505 3187 591 3274 quod
614 3209 673 3270 per
686 3186 871 3272 parrochias
893 3207 966 3250 suas
983 3184 1083 3249 multo
1105 3186 1170 3249 iam
1191 3193 1270 3249 tem·

150 3293 230 3360 pore
252 3270 353 3336 multa
374 3271 455 3336 fiunt
475 3271 659 3354 homicidia,
681 3272 814 3356 rapinae
838 3280 871 3334 et
884 3269 1033 3334 incendia
1047 3291 1106 3356 pro
1121 3269 1171 3332 his
1187 3289 1270 3354 quae

152 3365 228 3421 sunt
255 3357 481 3441 episcoporum
508 3355 672 3436 solemnia,
700 3357 768 3420 sive
796 3356 830 3418 in
853 3352 1042 3418 celebrando
1064 3352 1268 3498 baptismate,

151 3442 220 3506 sive
248 3441 283 3504 in
314 3439 531 3505 consecrando
559 3439 738 3523 chrismate,
767 3440 837 3502 sive
864 3440 898 3503 in
924 3436 1069 3502 docenda
1097 3437 1270 3500 cristiana

150 3524 256 3613 plebe.
301 3524 367 3590 Sed
399 3547 441 3589 ex
471 3533 581 3609 gestae
611 3525 658 3588 rei
691 3522 958 3609 consyderatione
993 3521 1122 3607 pensari
1152 3521 1271 3667 poterit

151 3631 251 3674 causa
271 3608 324 3675 vel
345 3609 546 3696 imperatoris
560 3607 612 3673 vel
628 3607 713 3672 illius
735 3607 881 3693 episcopi
895 3603 1107 3670 Adelberouis
1122 3627 1160 3669 ve
1187 3614 1269 3670 cete·

148 3715 261 3759 rorum
283 3693 339 3779 qui
354 3703 428 3758 sunt
449 3695 483 3756 in
498 3701 588 3780 parte
603 3693 671 3756 eius
686 3692 909 3757 contentionis.
942 3689 1042 3754 Nam:
1064 3691 1164 3755 Beati
1174 3693 1416 3775 poci-ussum.

141 3779 216 3863 fici,
231 3779 395 3926 pacatam
416 3779 485 3876 ipsi
505 3778 709 3843 uocabantur
722 3776 793 3860 fite·
814 3777 888 3841 Dei.
921 3771 1010 3859 Ergo
1033 3773 1182 3840 obsessus
1201 3781 1269 3840 erat

149 3862 204 3927 ille
263 3859 393 3927 delbero
423 3884 457 3924 1n
485 3861 672 3960 Wirniburg
701 3861 830 3925 civitate
857 3859 899 3924 ab
925 3860 1127 3945 imperatore,
1151 3867 1183 3923 et
1203 3879 1269 3922 non

150 3955 277 4034 poterat
305 3944 370 4010 ulla
395 3947 518 4010 ratione
547 3944 663 4010 adduci
690 3945 732 4010 ad
758 3945 848 4030 pacis
877 3943 1091 4009 conditionem
1120 3943 1189 4007 sive
1211 3964 1270 4027 per

148 4031 259 4117 episco
286 4052 320 4094 os
348 4032 417 4094 sive
444 4051 502 4116 per
528 4029 691 4115 principes
720 4029 821 4111 regni,
851 4029 906 4114 qui
928 4035 1018 4092 erant
1040 4048 1113 4090 cum
1133 4028 1270 4112 impera-

149 4125 230 4198 tore,
272 4116 371 4197 icens,
387 4137 421 4180 se
437 4111 568 4200 quidem
583 4133 678 4198 posse
693 4114 785 4194 mori,
807 4133 872 4176 non
887 4120 994 4177 autem
1008 4109 1103 4192 flecti,
1126 4121 1162 4176 ut
1176 4108 1271 4175 vellet

147 4328 175 4384 a)
191 4333 491 4384 necdigncturrctrcoypr.
536 4330 560 4384 b)
576 4330 705 4380 itarcrt'pct5
722 4329 905 4370 communionem
919 4331 940 4370 l.
987 4327 1007 4380 c)
1020 4327 1112 4378 decat15
1127 4325 1183 4378 rto.
1193 4325 1270 4374 dmin.
