3114 4814
305 341 357 392 138
481 340 531 390 DE
550 337 710 388 UNITATE
729 334 936 386 nccnnsmi
956 333 1234 388 conservarint.

303 516 351 567 boc
374 512 492 581 mcipii
511 512 589 564 Nihil
606 511 669 562 iada
683 525 827 576 metamus
846 507 941 572 dhare,
961 525 1020 560 cum
1038 507 1182 575 mauij'eata
1200 505 1362 575 diffinitione
1380 508 1430 560 de·

160 603 217 643 Lac.
227 600 292 655 t,11.
302 587 429 654 scriptum
447 588 489 649 sit,
509 587 539 637 iu
557 603 611 652 qua
630 585 742 636 dicitur.-
761 581 826 644 ‘Qui
844 583 922 634 babet
940 580 1142 645 (laustanicas,
1160 581 1205 633 det
1223 598 1278 632 uon
1294 579 1428 641 habmti’,·

302 679 336 714 ea
360 679 412 728 quo
437 659 495 712 sine
520 659 601 712 dubio
616 655 1020 724 praeuaricationem
1044 663 1090 707 art.
1130 654 1231 717 Quibus
1250 671 1310 721 erpo
1329 654 1428 706 habere

302 736 373 786 duaa
393 734 497 785 tunicae
515 751 569 785 non
589 731 655 796 licet,
675 731 717 782 tir
729 730 858 796 quomodo
872 728 977 796 aliquid
996 730 1028 780 de
1041 726 1195 780 diversitate
1210 728 1427 779 indumentorum

296 816 421 884 praecipi
432 815 539 882 potest?
568 814 644 877 Quae
657 821 753 876 ouum,
773 796 887 883 inquit,
902 811 1072 879 postmodum
1087 810 1240 862 introducto
1254 816 1317 860 aunt
1330 810 1426 860 huma-

301 913 353 949 nae
377 897 448 948 odae
472 896 601 964 artiflm'ia,
629 896 755 947 lucarias
776 896 882 964 inqenio
902 902 963 946 aaut
988 893 1144 960 conquisita.
1182 877 1317 962 Legitur
1337 877 1426 940 enim

301 967 335 1028 in
358 963 588 1030 Ecclesiastica
608 963 762 1044 Historia,
786 962 873 1051 quod
898 961 1088 1026 Montanus¹
1133 959 1242 1024 uidam
1264 959 1426 1025 hereticus

302 1047 441 1134 duplicis
462 1049 647 1114 vestimenti
673 1057 785 1111 auctor
806 1047 958 1128 extiterit,
992 1055 1024 1110 et
1046 983 1132 1132 quod
1159 1053 1333 1109 sectatores
1355 1045 1426 1110 eins

300 1133 428 1197 initium
445 1134 641 1220 sumpserint
662 1153 705 1197 ex
719 1131 889 1218 imperitia,
912 1139 1032 1196 etcum
1047 1130 1250 1215 praeceperit
1263 1129 1425 1194 Dominus

301 1216 384 1282 duas
413 1218 540 1282 tunicas
568 1239 634 1281 non
662 1219 786 1302 portari
815 1237 876 1280 nec
898 1214 1009 1279 vestiri
1031 1211 1206 1278 ambitione
1228 1211 1425 1294 Pharisaica,

303 1323 359 1366 ecs
383 1302 492 1366 omnia
511 1324 608 1386 agere
631 1301 793 1365 contraria
813 1309 845 1364 et
867 1320 906 1364 ea
927 1295 1022 1362 simul
1044 1298 1212 1384 acquirere
1238 1307 1271 1362 et
1292 1319 1425 1382 congre·

302 1407 391 1471 gare,
414 1407 497 1471 quae
518 1385 680 1448 Dominus
703 1385 800 1448 etiem
822 1382 978 1447 habentes
1000 1381 1090 1446 iubet
1110 1381 1248 1447 abicere.
1284 1381 1426 1446 Proinde

147 1471 400 1542 mercantiam
422 1470 469 1534 ait
489 1470 524 1533 in
545 1467 714 1554 euangelio
728 1467 899 1554 Dominus:
929 1465 996 1542 Qui
1016 1490 1084 1532 uon
1105 1465 1242 1548 baiulat,
1264 1466 1425 1552 inquiens,

303 1575 429 1618 crucem
443 1577 540 1618 cuam
561 1555 702 1630 eivenit,
724 1575 789 1616 ooo
802 1561 907 1636 potest
921 1575 1012 1615 meus
1026 1573 1092 1615 ease
1107 1549 1302 1636 discipulus.
1333 1549 1427 1616 Crux

303 1638 424 1723 quippe
446 1637 580 1703 Domini
602 1658 666 1701 non
688 1635 742 1700 illa
762 1645 888 1700 tantum
911 1634 1036 1714 dicitur,
1059 1656 1142 1722 quae
1163 1635 1324 1720 passionis
1345 1642 1426 1698 tem-

301 1742 382 1806 pore
410 1719 432 1784 li
456 1723 491 1785 ni
518 1721 671 1786 affixione
701 1721 907 1799 construitur,
934 1718 992 1783 sed
1020 1717 1085 1801 illa,
1113 1740 1195 1804 quae
1217 1721 1315 1784 totius
1336 1720 1424 1783 vitae

303 1744 463 1871 curriculo
479 1815 667 1871 cunctarum
681 1804 924 1890 disciplinarum
939 1802 1114 1868 virtutibus
1130 1813 1306 1890 coaptatur,
1329 1802 1425 1868 Unde

302 1901 334 1954 et
361 1889 396 1952 in
422 1895 515 1976 signo
544 1893 648 1956 crucis
669 1889 864 1955 describitur
885 1909 950 1954 non
973 1885 1076 1952 solum
1098 1896 1166 1952 tota
1187 1885 1337 1952 monachi
1358 1887 1426 1951 vita

302 1982 334 2039 et
365 1974 533 2058 institutio,
566 1975 624 2040 sed
656 1975 759 2038 omnis
791 1973 967 2038 christiana
999 1971 1095 2053 actio,
1123 1971 1205 2037 hene
1235 1971 1360 2057 operari
1390 1972 1425 2034 in

303 2056 432 2123 Christo
448 2069 480 2124 ct
494 2061 525 2124 ei
538 2069 782 2144 perseveranter
795 2055 970 2136 inhaerere,
993 2055 1144 2120 caelestia
1159 2077 1297 2142 sperare,
1319 2075 1426 2120 sacra·

140 2152 411 2218 nph.³,1t.tt.menia
442 2165 507 2208 non
564 2143 721 2222 rofanare,
749 2151 794 2221 ut,
827 2143 913 2206 sicut
936 2141 984 2204 ait
1015 2139 1190 2225 apostolus,
1219 2143 1256 2206 iu
1285 2143 1424 2205 caritate

302 2227 451 2291 radicati
480 2238 508 2290 et
550 2228 671 2290 nudati
692 2229 860 2312 possimus
887 2225 1156 2310 comprehendere
1181 2225 1425 2290 concomitibus

303 2312 439 2391 sanctia,
461 2312 610 2396 quaesit
636 2310 776 2375 latitudo
799 2320 828 2373 ct
849 2308 1022 2394 lonqitudc
1045 2319 1074 2373 et
1095 2308 1274 2374 sublimitas
1297 2318 1325 2373 et
1344 2331 1423 2393 prc-

293 2393 456 2478 fuudum,
485 2393 519 2458 id
545 2402 593 2459 est
620 2414 749 2458 crucem
778 2393 922 2474 Domini,
950 2393 1043 2456 cuius
1071 2391 1207 2458 latitudo
1240 2392 1359 2457 dicitur
1391 2393 1425 2456 in

303 2487 484 2542 transverso
506 2475 605 2576 ligno,
628 2499 692 2564 quo
716 2476 934 2542 extenduntur
955 2497 1080 2557 manus,
1102 2475 1268 2562 longitudo
1298 2499 1318 2540 a
1338 2487 1424 2542 terra

303 2583 404 2647 usque
426 2560 468 2625 ad
490 2559 691 2626 lautudinem
713 2563 830 2647 ipsam,
852 2584 915 2661 quo
942 2585 963 2625 a
987 2559 1138 2625 manibus
1165 2569 1196 2625 et
1216 2560 1301 2624 infra
1320 2569 1426 2625 totum

303 2667 420 2730 corpus
441 2645 594 2731 affigitur,
616 2645 750 2712 altitudo
771 2645 811 2710 de
825 2644 992 2710 latitudine
1015 2667 1142 2710 sursum
1165 2666 1267 2731 usque
1283 2644 1326 2708 ad
1341 2666 1426 2710 sum-

302 2752 401 2810 mum,
424 2752 488 2818 quo
510 2729 664 2796 adhaeret
685 2752 724 2796 ca
748 2741 793 2812 ut,
820 2728 1017 2815 profundum
1040 2750 1128 2804 vero,
1159 2751 1223 2815 quc
1249 2738 1352 2794 terrae
1378 2730 1425 2792 in-

301 2813 404 2878 fixum
436 2815 655 2884 absconditur.
737 2836 811 2898 rgo,
845 2815 928 2877 sicut
964 2813 1086 2879 dictum
1119 2823 1181 2893 est,
1216 2810 1341 2877 cuculla
1373 2822 1424 2877 est

302 2899 411 2962 tunica
442 2897 552 2964 talaris
585 2910 617 2964 ct
645 2898 806 2962 cucullata
833 2908 931 2984 atque
959 2899 1130 2978 manicata,
1158 2897 1216 2962 ubi
1243 2897 1335 2983 quasi
1363 2917 1425 2982 per

303 2979 465 3067 quendam
480 2983 704 3068 paedagogum
721 2983 877 3047 docentur
891 2982 1039 3067 superius
1054 2981 1283 3066 comprehensa
1294 2990 1425 3046 sanctae

303 3066 408 3128 crucis
435 3068 599 3151 mysteria,
627 3076 664 3130 ut
692 3067 726 3130 in
753 3064 922 3130 latitudine
950 3066 992 3130 sit
1013 3068 1131 3130 caritas
1152 3064 1235 3129 bene
1257 3086 1276 3130 ο
1301 3065 1422 3147 eraudi,

302 3149 337 3212 in
357 3147 557 3233 longitudine
571 3151 812 3234 perseverantia
832 3150 967 3214 firmiter
980 3147 1178 3232 inhaerendi,
1199 3150 1234 3214 in
1255 3087 1424 3222 allitudine

303 3231 529 3318 contemplatio
556 3233 702 3299 caelestis
728 3236 822 3316 vitae,
853 3232 1073 3298 inscrutabilia
1103 3235 1137 3298 in
1169 3233 1329 3320 profundo
1359 3232 1424 3298 Dei

302 3315 441 3396 iudicia,
474 3316 559 3382 unde
590 3319 653 3382 ista
685 3319 718 3383 in
750 3319 895 3382 homines
927 3319 1016 3383 venit
1046 3320 1161 3403 gratia.
1213 3317 1307 3383 Sicut
1338 3317 1424 3382 enim

302 3400 481 3465 monachus
508 3412 557 3466 est
577 3400 771 3466 vocabulum
798 3400 962 3488 quoddam
983 3403 1139 3487 mysterii,
1165 3401 1212 3466 sic
1239 3410 1272 3466 et
1298 3399 1424 3466 cuculla

302 3494 353 3550 est
381 3484 540 3570 quaedam
568 3486 670 3550 virtus
698 3487 898 3567 sacramenti,
929 3485 1022 3571 quale
1050 3487 1175 3551 scilicet
1195 3486 1424 3551 vestimentum

303 3571 350 3633 sie
375 3569 506 3633 metitur
533 3570 567 3632 in
588 3569 699 3655 regula
721 3593 780 3635 sua
802 3579 932 3635 sanctus
955 3570 1094 3635 Basilius
1117 3593 1134 3636 e
1159 3572 1309 3657 iscopus²
1332 3571 1425 3635 iuxta

303 3652 479 3716 doctrinam
510 3662 542 3717 et
570 3665 781 3740 praeceptum
810 3653 957 3740 apostoli,
985 3665 1022 3720 ut
1047 3678 1109 3720 nee
1136 3594 1267 3720 brevius
1296 3655 1338 3720 sit
1363 3675 1423 3719 nec

302 3735 466 3820 grandius,
497 3757 594 3822 quam
616 3738 658 3803 ad
680 3747 835 3805 staturam
857 3738 1017 3804 monachi.
1062 3739 1169 3821 Quam
1191 3748 1276 3804 certe
1299 3749 1423 3804 senten-

302 3820 380 3884 tiam
410 3820 579 3886 ccnfirmat
605 3833 733 3888 sanctus
759 3832 852 3910 pater
872 3823 1069 3890 Benedictus
1099 3825 1231 3906 abbam,
1258 3823 1423 3910 inquiens:

302 3981 326 4034 a)
342 3983 455 4034 plurimos
472 3985 493 4026 1.

305 4096 332 4164 1)
358 4098 439 4165 Apud
458 4099 583 4164 antiquos
607 4099 735 4151 historiae
756 4101 960 4154 ecclesiasticae
979 4103 1123 4169 scriptores
1148 4101 1204 4153 tale
1228 4101 1293 4168 quid
1312 4115 1366 4152 non
1384 4101 1425 4150 in·

301 4173 374 4222 veni.
412 4170 467 4223 Sed
487 4172 600 4223 fortasse
620 4173 688 4224 haec
708 4177 801 4242 opinio
821 4181 880 4228 orta
900 4182 993 4228 estex
1013 4176 1060 4240 eis,
1085 4191 1155 4242 quaa
1174 4176 1310 4228 Eusebius
1329 4175 1362 4237 V,
1383 4173 1426 4224 14.

303 4251 330 4296 et
357 4246 526 4312 Nicephorus
552 4246 600 4309 1v,
620 4246 665 4298 22.
695 4247 729 4299 de
759 4249 855 4302 dnabis
883 4248 938 4300 illis
967 4249 1144 4316 prophetissis
1168 4254 1287 4309 namsnt,
1314 4262 1426 4315 quarum

302 4318 487 4370 familiaritate
512 4320 670 4370 Montanum
696 4337 772 4373 usum
799 4339 858 4374 esse
882 4322 1000 4374 tradunt.
1095 4319 1124 4389 2)
1150 4321 1191 4373 cf.
1216 4322 1312 4375 Basilii
1336 4322 1428 4388 Opera

301 4391 324 4454 I,
345 4391 408 4443 324.
428 4391 490 4444 471.
566 4391 597 4458 3)
617 4393 720 4446 Bened.
740 4396 807 4460 Reg.
835 4411 858 4446 c.
879 4396 922 4446 55.
