3114 4814
281 359 298 407 8
576 355 696 407 BRUNO
715 355 765 405 DE
784 355 903 406 BELLO
923 354 1111 407 SAXONIOO.

280 525 451 592 veritatem
478 521 576 586 michi
602 544 668 587 uon
698 524 831 610 contigit
852 546 1037 609 agnoscere,
1067 521 1190 610 placuit
1210 523 1308 585 michi
1330 542 1407 586 eam

282 611 366 674 inter
386 605 540 692 ambigua
561 605 748 692 relinquere,
771 609 919 694 quamvis
940 631 1043 694 paene
1060 606 1208 671 omnibus
1223 614 1408 670 versaretur

282 715 318 757 1n
339 714 403 756 ore.

369 777 417 840 13.
461 774 569 840 Novi⁸
590 785 698 840 autem
721 777 883 873 quendam
905 775 945 840 de
966 773 1178 839 familiaribus
1199 775 1316 858 regis¹‚
1346 774 1407 860 qui

282 858 455 946 aliquando
482 859 522 924 de
552 861 642 923 curia
663 870 753 924 vemt
773 859 815 923 ad
835 858 966 924 fratrem
988 880 1091 940 suum,
1117 898 1153 906 —
1177 857 1274 922 frater
1294 868 1406 922 autem

281 942 335 1009 ille
364 944 535 1030 episcopus
557 953 626 1008 erat
645 981 688 992 —
708 952 740 1007 et
762 945 857 1028 quasi
877 941 1027 1008 iactando
1049 941 1140 1007 fratri
1162 964 1220 1006 suo
1242 939 1406 1025 narrabat,

282 1027 370 1114 quod
398 1025 503 1091 nullus
532 1037 617 1092 esset
643 1027 677 1090 in
706 1029 805 1109 curia,
835 1030 891 1113 qui
919 1027 1025 1111 magis
1054 1027 1182 1111 quami
1208 1047 1242 1090 se
1265 1035 1349 1090 esset
1369 1026 1405 1088 in

281 1113 368 1196 regis
389 1112 501 1196 gratia.
545 1110 641 1191 Quod
662 1132 737 1174 oum
757 1111 856 1176 frater
876 1112 944 1176 eius
966 1111 1137 1196 episcopus
1158 1047 1293 1175 libenter
1315 1109 1405 1173 audi-

282 1205 332 1260 ret
353 1217 490 1280 eumque
512 1194 683 1280 diligenter
702 1205 908 1277 ammoneret,
935 1204 971 1259 ut
991 1195 1127 1280 gratiam
1148 1195 1233 1279 regis
1253 1191 1405 1257 omnibus

195 1325 201 1332 -
284 1278 388 1343 modis
416 1301 543 1344 servare
571 1287 746 1364 quaereret,
777 1280 853 1365 quia
874 1288 905 1343 et
926 1280 937 1342 i
961 1279 989 1342 si
1010 1277 1179 1342 honestum
1201 1288 1233 1342 et
1255 1276 1404 1341 omnibus

285 1364 350 1427 suis
379 1361 457 1426 utile
487 1373 586 1427 esset:
616 1363 799 1445 ι1166616111,
827 1362 910 1427 dixit
937 1302 1000 1444 llio,
1028 1363 1067 1424 ‘si
1089 1360 1183 1425 simul
1204 1383 1279 1424 cum
1300 1361 1405 1446 gratia

283 1447 401 1512 terreni
421 1447 507 1530 regis
528 1467 656 1531 possem
678 1455 786 1511 tenere
807 1447 943 1545 gratiam
959 1444 1114 1510 eoelestis.
1148 1445 1213 1510 Sed
1227 1447 1404 1527 veraciter’,

283 1530 397 1615 inquit,
428 1531 564 1614 agnovi,
595 1528 681 1615 quod
712 1531 740 1592 si
769 1552 841 1616 quis
863 1530 958 1594 huius
981 1531 1065 1616 regis
1087 1529 1286 1594 familiariter
1306 1529 1407 1594 habet

284 1614 430 1698 gratiam,
453 1612 572 1677 habere
593 1635 659 1677 non
672 1616 790 1700 poterit
803 1625 966 1680 aeternam
980 1613 1096 1679 vitam'.
1133 1614 1236 1698 Igitur
1249 1613 1405 1699 paulatim

285 1719 319 1761 se
342 1697 426 1760 sicut
446 1697 587 1782 prudens
608 1719 628 1760 a
650 1699 739 1760 curia
760 1697 977 1780 subtrahebat,
1000 1707 1032 1762 et
1052 1701 1117 1761 iam
1131 1699 1236 1761 minus
1252 1706 1284 1760 et
1297 1700 1405 1762 minus

284 1779 326 1844 ad
348 1790 470 1845 secreta
490 1782 577 1867 regis
599 1781 783 1865 accedebat,
804 1791 836 1847 et
856 1805 916 1848 nec
939 1783 1067 1846 omnino
1090 1781 1209 1864 aberat,
1237 1803 1298 1846 nec
1320 1783 1407 1846 sicut

284 1873 353 1930 erat
374 1864 485 1930 solitus
506 1866 655 1953 frequens
676 1865 797 1930 aderat.
834 1867 939 1948 Quem
959 1865 1017 1929 ubi
1038 1888 1096 1930 rex
1118 1867 1224 1928 minus
1238 1865 1405 1930 assiduum

283 1948 366 2014 vidit
386 1951 420 2013 in
441 1970 499 2014 suo
523 1951 663 2033 servitio,
686 1971 817 2014 oausam
838 1973 937 2037 quare
958 1949 1078 2014 faceret
1098 1971 1164 2014 non
1177 1949 1319 2035 inquirit,
1342 1971 1403 2013 nec

284 2033 314 2098 ei
336 2035 511 2120 quicquam
540 2033 643 2098 malac
670 2033 842 2099 voluntatis
865 2033 1016 2117 ostendit3
1047 2033 1105 2098 sed
1127 2055 1184 2098 suo
1206 2034 1271 2098 iam
1292 2033 1404 2098 volens

284 2138 417 2201 parcere
444 2117 537 2200 ferro,
567 2119 741 2204 quaerebat
769 2141 842 2182 eum
869 2117 1004 2203 perdere
1026 2139 1101 2182 ense
1123 2117 1236 2182 alieno.
1279 2119 1403 2204 Itaque,

308 2222 344 2264 ro
373 2223 437 2287 qua
465 2223 563 2265 causa
590 2202 667 2265 ficta
691 2199 743 2266 vel
770 2223 849 2265 vera
876 2203 995 2282 nescia,
1024 2203 1113 2266 misit
1134 2223 1208 2266 eum
1229 2200 1271 2264 ad
1292 2217 1403 2284 regem

283 2221 423 2348 ltusciae
432 2286 483 2348 1-1.
528 2285 634 2365 Quam
662 2285 855 2369 legationem
876 2284 929 2350 ille
951 2285 1086 2366 libenter
1107 2287 1239 2372 accepit,
1262 2287 1404 2370 primum

285 2368 361 2465 quia
388 2390 447 2454 per
474 2367 535 2432 hoc
565 2369 657 2454 quasi
679 2369 837 2454 probavit,
868 2391 902 2433 se
923 2391 943 2431 a
964 2371 1068 2455 gratia
1087 2371 1172 2516 rqgis
1193 2391 1259 2433 non
1280 2370 1403 2452 abesse,

285 2471 338 2514 6111
359 2460 482 2516 secreta
501 2473 566 2516 non
588 2451 748 2518 dubitaret
769 2461 805 2516 ut
825 2464 919 2518 antea
942 2453 1087 2536 credere3
1132 2453 1225 2518 einde
1264 2453 1317 2516 uia
1331 2475 1404 2538 spe-

283 2535 367 2600 ravit
402 2558 435 2600 se
470 2534 638 2622 legationis
672 2535 767 2602 huius
800 2536 909 2601 labore
940 2539 1145 2619 meriturum,
1178 2547 1215 2600 ut
1241 2476 1404 2620 legatione

283 2641 437 2706 prospere
458 2631 588 2706 peracta
608 2643 765 2704 reversus,
787 2641 853 2684 non
874 2643 1011 2706 parvum
1032 2643 1147 2767 aroge
1170 2620 1300 2685 deberet
1320 2621 1404 2684 aoei-

305 2722 360 2768 ere
388 2703 596 2788 beneficium5
626 2727 687 2769 nee
716 2704 796 2768 haec
825 2706 922 2768 etiam
949 2705 1081 2768 minima
1121 2706 1296 2786 uit-causa,
1349 2705 1404 2768 uia

283 2725 419 2852 libenter
440 2789 551 2854 aberat
572 2811 592 2852 a
614 2791 711 2852 curia.
754 2789 857 2873 Igitur
878 2790 1030 2874 perrexit,
1053 2809 1114 2852 nec
1135 2789 1240 2852 adhuc
1263 2725 1348 2874 quidl
1362 2787 1405 2852 de

284 2893 318 2936 se
340 2871 533 2956 dispositum
554 2873 666 2936 fuisset
687 2871 851 2937 intellexit.
888 2873 966 2936 Post
986 2872 1109 2957 aliquot
1129 2893 1205 2937 vero
1228 2871 1306 2954 dies,
1328 2893 1403 2936 cum

283 2977 416 3040 vespere
443 2955 635 3020 declinasset
655 2957 690 3018 in
716 2955 937 3037 diversorium,
959 2957 1048 3021 iubet
1069 2955 1131 3020 sibi
1152 2954 1273 3020 bonum
1295 2957 1404 3054 parari

284 3039 478 3104 convivium.
517 3039 664 3136 Cumque
686 3040 750 3102 iam
773 3041 905 3104 comites
928 3040 996 3104 eius
1017 3038 1058 3102 ali
1082 3050 1215 3104 uantum
1237 3040 1404 3118 bibrssent,

283 3121 407 3186 exilivit
422 3121 558 3186 Selavus
573 3122 712 3207 qurdam‚
727 3121 799 3186 vilis
814 3145 960 3208 persona,
976 3132 1021 3188 et:
1044 3061 1189 3206 licead,
1205 3123 1297 3206 dixit,
1314 3121 1403 3209 ‘quid

283 3215 331 3270 ast
357 3205 444 3292 quod
477 3228 537 3292 ego
570 3215 677 3290 porte,
713 3205 801 3292 quod
831 3207 1001 3292 episcopus
1030 3207 1147 3294 Epp0⁰
1176 3209 1275 3272 michi
1304 3207 1403 3286 dedit,

284 3299 315 3355 61
336 3299 373 3354 ut
393 3291 471 3376 regi,
500 3289 543 3353 ad
565 3311 661 3375 quem
682 3293 798 3354 missus
820 3290 922 3373 vadis,
944 3291 1055 3354 darem
1100 3292 1261 3376 raeeepif.
1305 3290 1403 3372 Quod

284 3395 358 3437 cum
388 3375 450 3440 sibi
476 3373 530 3438 ille
560 3375 730 3438 monstrari
759 3395 795 3438 ro
820 3313 1403 3460 6161,616111116166666616161661

282 3459 369 3542 regis
399 3459 539 3544 imagine
566 3457 745 3544 sigillatam.
829 3481 847 3523 e
875 3457 920 3521 nil
949 3468 1092 3523 moratus
1124 3457 1265 3542 sigillum
1296 3458 1403 3544 fregit,

283 3539 433 3605 clericum
457 3542 659 3688 suum,¹‘quid
681 3541 753 3606 illae
774 3541 897 3606 litterae
911 3540 1037 3624 vellent,
1059 3563 1221 3630 exponere
1237 3541 1298 3606 sibi
1312 3564 1404 3627 prae-

283 3625 379 3708 cepit.
424 3624 566 3690 Clericus
599 3629 666 3710 egit
686 3636 718 3690 et
739 3627 903 3710 exposuit3
932 3625 985 3690 hic
1013 3633 1119 3692 autem
1147 3647 1258 3690 sensus
1280 3635 1348 3689 erat
1368 3626 1403 3688 in

282 3706 412 3772 litteris:
443 3708 541 3773 Scias
571 3711 912 3792 16166166661666,
943 3711 1403 3796 666116661666661611616,

283 3867 306 3921 a)
330 3870 413 3910 Frater
433 3870 602 3922 archicpiscopi
624 3871 736 3923 eiusdem,
759 3873 892 3913 Fridortcus
915 3874 1032 3922 palatinus
1055 3883 1139 3924 comes,
1161 3872 1229 3914 fratri
1252 3875 1340 3913 iactans
1361 3871 1404 3912 ali·

283 3930 376 3980 quando
393 3930 502 3969 narrabat
519 3931 538 3968 2.
601 3927 624 3980 b)
640 3931 672 3969 ito
689 3931 714 3981 23
730 3931 802 3971 Rucie
819 3934 839 3973 1.
901 3932 922 3984 c)
940 3943 975 3982 ep.
994 3931 1099 3972 cicensis
1114 3933 1181 3982 appo
1198 3933 1218 3972 2.

287 4059 314 4127 1)
335 4060 504 4112 Fridem'oum
520 4062 578 4128 pol.
600 4079 663 4114 6666.
679 4061 816 4115 Santonico
836 4069 912 4114 66661
924 4063 1071 4114 ,4661611616
1084 4063 1168 4126 Saxo,
1187 4063 1404 4115 66616661626.

283 4133 353 4184 boae
372 4151 426 4185 rem
445 4142 531 4186 tacere
550 4135 608 4186 iore
627 4134 739 4187 mireris.
776 4136 812 4188 W.
887 4135 916 4202 2)
936 4137 1238 4203 166661661Ν66696661.
1257 4134 1336 4203 66916,
1355 4133 1405 4201 qai

284 4209 406 4258 61014.
426 4208 497 4271 obiit,
509 4207 744 4274 11166166616666
763 4226 811 4261 rea
825 4209 985 4272 Kiocicosis,
1006 4227 1063 4260 cam
1082 4228 1107 4260 6.
1124 4210 1202 4259 1068,
1222 4226 1271 4275 per
1290 4209 1401 4260 Saetos-

284 4279 357 4331 16166
378 4281 494 4347 aliosque
506 4282 612 4346 fratros
626 4284 724 4348 palsas
739 4282 1267 4349 66661,Η6166161666111661661166611,
1288 4281 1406 4346 16166661

283 4354 321 4404 od
341 4371 366 4406 6.
388 4355 467 4404 1075.
487 4353 644 4406 Lambertus
663 4356 752 4422 refert.
788 4355 823 4406 W.
