3098 4818
414 368 536 420 BRUNO
555 368 605 417 DE
625 367 745 419 BELLO
767 367 959 419 SAXONICO.
1210 369 1244 419 35

123 533 173 598 vel
220 537 333 598 esteris
355 537 474 598 nostris
496 557 564 599 aon
579 544 703 616 noceat,
725 544 833 599 noster
850 557 1027 600 consensus
1043 537 1246 599 concorditer
1256 552 1322 593 ross.

125 557 277 702 implica.
310 616 406 692 Quod
420 621 451 681 si
459 622 651 702 paternitas
665 628 773 682 oestro
792 621 975 704 suscipiens
990 620 1097 682 lucaea
1113 641 1246 704 operum

126 724 219 787 opere
242 702 418 786 complebit,
442 725 512 766 cum
528 701 654 768 coelesti
664 706 814 787 praemio
837 725 1020 767 aesomnes
1033 702 1244 784 11101εο0001-

123 808 184 870 per
206 787 326 850 amicos
349 786 485 850 babebit.
972 781 979 795 ’

206 870 257 934 52.
280 869 356 954 Ipso
371 878 515 955 tempore
527 868 618 933 Deus
640 870 841 954 omnipotens
864 869 935 934 urbi
953 867 1246 956 Magedaburgensi

123 975 182 1038 per
204 962 387 1016 sanctorum
408 954 530 1035 merita,
553 953 609 1038 qui
629 953 676 1018 ibi
696 953 803 1039 plures
825 951 992 1032 habentur,
1014 976 1067 1017 ma
1091 975 1166 1017 narn
1187 955 1245 1016 mi-

125 1037 332 1100 sericordiam
355 1036 511 1118 ostendit,
539 1047 570 1101 et
599 1037 704 1122 ipsam
733 1036 846 1102 urbem
867 1047 1036 1124 totumque
1058 976 1154 1101 ilud*
1179 1038 1286 1123 epi-'n
1303 1049 1354 1091 ⁸48·

124 1141 178 1184 sco
203 1122 269 1183 ium
291 1143 311 1184 a
333 1119 453 1184 erudeli
469 1121 553 1206 regis
568 1121 735 1184 invasione
750 1122 794 1185 ita
816 1120 1005 1186 mirabiliter
1026 1120 1186 1202 defendit,
1209 1130 1246 1185 ut

124 1143 203 1267 nulli
219 1205 274 1289 qui
290 1203 351 1268 hoc
367 1206 519 1289 cognovit
532 1203 628 1269 liceat
643 1203 800 1285 dubitare,
816 1205 962 1290 ipsorum
978 1207 1101 1270 meritis
1120 1213 1245 1269 sancto-

125 1309 198 1351 rum
221 1299 298 1352 tunc
313 1286 400 1351 illam
417 1289 578 1352 civitatem
593 1288 789 1352 ineolumem
804 1291 1029 1374 permansisse.
1072 1289 1157 1354 Nam
1180 1289 1246 1352 cui-

126 1370 200 1434 dam
212 1370 345 1436 ancillae
358 1371 421 1436 Dei
436 1381 510 1436 ante
525 1371 683 1470 proelium
698 1395 756 1458 per
771 1373 926 1437 visionem
941 1372 1045 1436 fuerat
1058 1371 1246 1454 revelatum,

125 1456 152 1518 si
175 1467 272 1540 caput
287 1458 390 1519 saneti
413 1456 605 1538 Sebastiam,
628 1457 715 1542 quod
729 1457 764 1518 in
779 1455 890 1522 eadem
906 1457 1035 1522 civitate
1056 1479 1129 1521 cum
1145 1455 1247 1520 multa

122 1542 326 1604 veneratione
358 1539 509 1620 habetur,
546 1541 631 1603 circa
662 1541 816 1605 terminos
849 1541 956 1625 episco
982 1541 1006 1605 ii
1033 1540 1148 1606 fuisset
1174 1561 1246 1626 por-

123 1633 235 1704 tatum,
258 1623 389 1687 eosdem
410 1625 563 1687 terminos
585 1622 690 1686 nullus
706 1633 815 1708 posset
829 1625 948 1688 intrare
959 1563 1115 1690 bostium.
1149 1623 1247 1705 Quod

123 1727 195 1770 cum
217 1709 289 1792 ipsa
303 1707 522 1790 Meginfrid0b‚
545 1707 688 1770 eiusdem
712 1708 800 1771 urbis
815 1707 985 1791 praefecto,
1009 1718 1040 1772 et
1055 1708 1246 1794 praefectus,

123 1800 294 1875 antequam
318 1791 443 1853 exirent
465 1790 506 1854 ad
527 1789 656 1870 bellum,
679 1790 772 1854 nobis
795 1788 1000 1854 audientibus
1016 1789 1247 1878 archipraesuli

122 1883 232 1937 nostro
262 1871 453 1956 retulisset1,
486 1883 618 1958 peracto
646 1875 710 1936 iam
738 1871 860 1958 proelio
884 1884 983 1958 caput
1004 1875 1110 1960 ipsum
1133 1895 1245 1938 omnes

121 1957 274 2022 terminos
296 1965 431 2038 nostros,
454 1966 626 2042 antequam
649 1979 708 2021 rex
729 1959 862 2031 veniret,
885 1958 1019 2020 circuire
1040 1959 1191 2039 fecimus3
1215 1967 1247 2022 et

29 2047 32 2058 '
122 2041 168 2106 ita
190 2063 259 2106 esse
282 2042 366 2106 sicut
386 2040 502 2104 ancilla
516 2041 580 2106 Dei
601 2040 816 2127 praedixerat,
840 2063 882 2104 ex
903 2041 975 2126 ipso
997 2063 1104 2106 rerum
1127 2049 1246 2105 eventu

122 2125 347 2210 comperimus.
379 2125 462 2189 Nam
477 2125 662 2211 ubicunque
677 2148 735 2188 rex
751 2125 818 2188 adi
843 2147 895 2188 sos
911 2126 1064 2189 terminos
1079 2125 1177 2206 venit,
1200 2123 1246 2188 di-

121 2211 196 2274 vino
209 2218 289 2273 nutu
294 2210 487 2358 perterritus
497 2209 632 2290 rediens,
641 2230 803 2294 nusquam
811 2145 888 2274 illud
896 2210 1098 2296 episcopium
1106 2209 1246 2273 intravit.

205 2294 255 2358 53.
319 2293 358 2357 ed
374 2315 448 2357 cum
469 2317 529 2358 rex
543 2295 688 2358 exercitu
710 2295 882 2357 comitante
897 2294 1039 2358 venisset
1054 2292 1246 2375 Goslariam,

121 2377 232 2463 ibique
260 2399 279 2439 a
308 2377 499 2462 quibusdam
525 2378 643 2442 nostris
672 2378 831 2476 episcopis
863 2377 1049 2463 triumphali
1078 2386 1247 2476 susceptus

122 2470 205 2525 esset
226 2459 337 2544 gloria,
359 2461 400 2525 ab
423 2461 536 2524 amicis
551 2462 618 2524 suis
634 2459 710 2558 quid
726 2460 789 2524 sibr
802 2461 885 2524 foret
900 2461 1060 2546 agendum
1077 2461 1246 2547 quaesrvit,

122 2553 154 2608 et
175 2544 232 2606 vix
254 2544 340 2630 quod
362 2544 424 2606 sibi
445 2543 522 2608 utile
545 2554 628 2608 esset
647 2546 791 2608 rnvenire
813 2546 927 2629 potuit.
971 2545 1054 2608 Nam
1077 2545 1247 2608 consilium

123 2627 208 2726 quod
231 2629 261 2692 ei
283 2627 440 2691 dederunt
460 2649 563 2713 paene
586 2649 706 2708 omnes,
728 2636 764 2690 ut
778 2627 850 2692 Deo
874 2627 914 2692 de
936 2629 1075 2692 victoria
1096 2651 1155 2692 sua
1175 2647 1247 2726 gra

124 2721 221 2776 tram⁰
251 2711 384 2797 ageret(¹
413 2720 445 2775 et
467 2711 612 2776 Saxones
639 2712 673 2774 in
695 2732 811 2796 pacem
839 2719 871 2774 et
891 2713 1027 2796 gratiam
1051 2733 1142 2775 suam
1164 2719 1248 2775 s1cut

121 2817 180 2860 rex
203 2793 395 2860 christianus
418 2795 584 2880 reciperet,
606 2815 672 2858 non
694 2795 832 2880 accepit3
861 2794 948 2879 quod
969 2817 1046 2859 vero
1068 2797 1138 2880 ipse
1160 2793 1247 2858 solus

123 2877 260 2961 volebat,
284 2879 446 2943 utstatim
471 2888 603 2943 cunctos
626 2899 702 2942 suae
724 2879 872 2942 servituti
895 2878 1066 2960 subiceret,
1092 2877 1134 2943 ad
1155 2899 1240 2964 prae·

122 2985 194 3026 sens
217 2961 351 3049 implere
373 2984 438 3026 non
484 2963 572 3027 otuit.
616 2962 699 3027 Nam
726 2984 786 3026 nec
811 2963 975 3048 principes
998 2985 1108 3030 omnes
1130 2984 1246 3048 capere
1255 2976 1300 3017 1111·

120 3045 257 3128 valebat,
281 3047 358 3132 quia
379 3069 437 3133 per
459 2985 586 3111 diversa
608 3046 745 3132 dispersi
758 3046 892 3129 firerant,
915 3069 975 3112 nec
996 3047 1052 3111 diu
1067 3069 1141 3112 cum
1157 3069 1244 3110 exer

123 3131 190 3194 citu
216 3131 250 3193 in
277 3131 338 3192 hac
364 3139 449 3194 terra
475 3151 604 3195 manere
632 3133 752 3217 potuit,
789 3133 865 3217 quia
893 3131 994 3196 fames
1021 3132 1056 3195 in
1084 3129 1138 3194 illo
1161 3151 1246 3194 anno

122 3211 216 3277 nobis
244 3223 321 3278 tunc
342 3213 429 3278 utilis
449 3213 568 3298 fuerat,
602 3225 633 3280 et
654 3213 755 3279 Iulius
778 3216 897 3279 mensis
918 3214 1027 3300 fruges
1049 3214 1154 3279 adhuc
1180 3235 1245 3277 ma-

122 3307 211 3361 turas
234 3319 299 3361 non
320 3297 507 3381 exhibebat3
540 3320 599 3364 nec
621 3320 698 3364 vero
726 3307 830 3363 tutum
852 3299 988 3384 putabat
1010 3300 1078 3362 sine
1100 3299 1246 3362 exercitu

122 3389 198 3444 tunc
224 3382 258 3444 in
280 3381 422 3446 Saxonis
450 3405 624 3448 remanere.
667 3381 759 3448 Abiit
786 3404 862 3468 ergo
889 3405 963 3446 cum
990 3392 1056 3446 toto
1090 3381 1245 3463 exercitu,

123 3473 155 3529 et
178 3463 352 3529 Saxoniam
383 3467 467 3530 sicut
495 3470 584 3552 prius
606 3467 718 3531 habuit
738 3467 772 3529 in
794 3467 926 3530 11100110.
969 3465 1052 3529 Nam
1074 3473 1147 3550 post
1170 3487 1246 3528 uam

120 3551 269 3630 recessit,
298 3548 443 3614 Saxones
465 3551 580 3614 iterum
602 3559 852 3648 congregantur,
881 3550 1053 3635 Deumque
1075 3487 1171 3634 quodl
1190 3569 1244 3614 eos

121 3633 371 3697 misericorditer
393 3635 552 3719 castigans
573 3655 638 3697 non
660 3645 788 3720 penitus
810 3634 949 3719 opprimi
970 3633 1166 3720 permiserit,
1188 3631 1244 3697 hu-

120 3715 190 3779 mili
212 3716 383 3781 devotione
405 3717 595 3796 collaudant,
618 3727 704 3782 etse
727 3718 865 3782 invicem
904 3725 1037 3783 uatenus
1052 3717 1245 3782 unanimiter

121 3821 181 3885 pro
209 3821 268 3864 sua
293 3799 439 3866 libertate
465 3809 533 3865 tota
554 3802 671 3867 virtute
695 3811 841 3887 pugnent
862 3741 1085 3884 adhortantur3
1116 3802 1245 3886 Deique

121 3884 373 3949 misericordiam
401 3907 465 3948 non
493 3908 535 3949 ex
563 3893 629 3950 toto
659 3887 720 3950 sibi
750 3885 908 3950 sublatam
930 3885 1024 3948 inde⁰
1053 3886 1244 3965 coniectent,

124 3969 220 4054 quiaf
245 3972 341 4116 quasi
370 3978 503 4054 paterna
531 3969 650 4054 pietate
677 3969 842 4054 flagellati,
875 3969 917 4032 ad
943 3968 1160 4053 recipiendam
1183 3969 1243 4031 vir-

122 4061 222 4117 tutem
268 4055 390 4118 iscessu
411 4053 495 4138 regis
519 4062 710 4138 oportunum
732 4064 859 4138 tempus
881 4062 1079 4136 acceperant.

121 4197 355 4246 0)11.1111111011.2.
415 4195 1055 4248 11)Μοἰηί1111012,οο11111100.111.Μο311111,2.
1115 4195 1136 4246 0)
1152 4196 1184 4234 ita
1199 4195 1244 4246 sd.,·

120 4251 184 4304 §Iam
199 4257 213 4298 t.
229 4266 247 4295 0.
265 4257 362 4304 gloriam
380 4258 399 4296 1.
460 4254 484 4308 d)
501 4257 566 4297 daret
581 4269 638 4300 corr.
653 4259 733 4305 ageret
749 4259 769 4298 1.
831 4253 853 4308 0)
870 4255 931 4295 idem
949 4257 968 4296 1.
1030 4251 1164 4305 1)(1110112.

122 4367 151 4434 1)
172 4366 244 4420 Hine
253 4374 338 4434 patet,
357 4369 512 4422 Brunonem
525 4370 595 4423 inter
607 4368 712 4422 clericos
727 4367 920 4436 archiepiscopi
925 4368 1080 4435 fertiliores
1085 4366 1184 4437 fuisse.
1210 4367 1242 4420 P.

977 4454 1020 4518 3*
