3114 4814
327 321 378 374 DE
398 322 556 374 UNITATE
576 323 782 376 Eccnnsrnn
802 324 1080 380 CONSERVANDA.
1210 329 1262 380 127

139 494 170 546 in
189 495 263 548 tonis
282 493 406 562 openiens
424 495 519 548 intenti
537 505 606 560 sunt,
627 497 722 552 cotidie
740 498 882 551 deteriores
894 499 976 564 fiunt,
996 500 1060 551 dum
1078 501 1108 551 in
1126 500 1165 552 eis
1183 503 1264 568 nemu

137 568 287 636 prossescit,
306 570 467 636 quaequod
482 570 516 621 de
529 571 715 636 aeloseruom's
727 570 797 638 fidei
807 573 873 638 fleri
890 572 970 624 etiem
989 572 1134 625 inmobilis
1154 573 1263 640 oppetit.

139 676 183 686 -
204 637 300 702 Sicut
323 639 420 718 enim,
448 637 607 723 inquiunt,
637 649 773 704 sanctus
790 649 889 726 pater
911 639 1109 706 Benedictus
1134 643 1265 707 audivit

142 745 165 786 o
193 721 325 786 diabolo
353 721 541 787 ‘maledicte'
567 731 596 786 et
617 746 684 788 non
710 724 891 789 ‘benedicte’
915 748 973 790 nee
999 725 1052 790 illi
1073 727 1192 808 nocuit,
1214 727 1264 790 ita

145 815 175 870 et
196 806 248 870 liis
277 805 435 954 Wipberti
455 806 641 872 maledictio
662 830 728 872 non
750 809 884 872 nocebit.

226 890 279 954 41.
355 889 433 954 elint
460 888 573 972 nolint,
601 889 666 955 iam
693 891 828 956 iudicati
851 902 926 958 sunt
947 892 1131 979 quicunque
1153 900 1265 957 eontra

144 993 284 1038 canones
306 972 428 1038 faciunt
448 982 481 1038 et
502 975 559 1061 qui
581 983 693 1039 eontra
713 997 837 1060 paoem,
860 999 957 1063 quam
974 976 1121 1042 Christus
1136 975 1266 1064 reliquit

142 1056 247 1138 nobis,
274 1056 399 1121 faciunt
427 1065 459 1122 et
488 1060 542 1144 qui
570 1059 725 1124 unitatem
748 1059 902 1126 ecelesiae
923 1061 1081 1127 dividunt.
1125 1060 1191 1126 Sed
1218 1059 1266 1124 illi

144 1142 292 1206 exierunt
307 1141 444 1224 anobis,
466 1164 530 1206 non
544 1163 603 1207 nos
619 1143 660 1208 ab
675 1144 769 1229 ipsis,
791 1169 870 1209 num
892 1148 923 1209 ei
934 1145 1084 1230 fuissent
1105 1167 1146 1209 en
1161 1145 1265 1226 nobis,

137 1226 400 1372 permansissent
422 1228 533 1311 utique
555 1227 733 1308 nobiscum,
755 1229 838 1294 sicut
859 1227 938 1294 dicit
958 1229 1118 1294 Iohannes
1141 1237 1429 1315 aposto-innuis.

155 1331 204 1378 us.
249 1308 334 1374 Ubi¹
366 1312 452 1374 enim
485 1321 533 1376 eet
565 1311 681 1376 caritas
714 1311 760 1375 ibi
787 1334 854 1398 pax
881 1322 914 1377 et
941 1314 999 1378 ubi
1028 1313 1190 1378 humilitas
1220 1313 1267 1379 ibi

144 1393 273 1457 caritas.
316 1393 491 1459 Humilitas
518 1396 638 1482 quippe
667 1397 806 1481 pertinet
833 1397 875 1462 ad
904 1397 1148 1480 confessionem,
1178 1407 1266 1484 quaa

143 1477 333 1542 eonfitemur
354 1499 413 1542 nes
428 1488 613 1564 peccatores
628 1501 708 1561 esse,
731 1484 857 1547 caritas
878 1492 984 1546 autem
1000 1485 1144 1567 cooperit
1157 1482 1266 1546 multi·

143 1562 291 1626 tudinem
322 1572 544 1648 peecatorum,
574 1565 659 1628 siout
696 1564 775 1629 dicit
807 1564 943 1630 Iacobus
975 1565 1150 1653 apostolus.
1201 1563 1399 1644 Sedunum.

144 1646 306 1728 monachi,
328 1647 369 1711 de
384 1667 521 1732 quorum
544 1648 749 1713 scismatibus
771 1660 868 1734 atque
891 1651 1059 1737 scripturis
1080 1659 1267 1732 tractamus,

144 1729 241 1815 longe
264 1729 542 1815 degeneraverunt
563 1732 604 1796 ab
619 1730 674 1794 illa
689 1753 787 1817 quam
809 1733 947 1818 professi
969 1743 1043 1799 sunt
1064 1735 1151 1799 beati
1165 1734 1268 1799 Bene·

144 1815 224 1879 dieti
244 1816 446 1900 paternitate,
469 1816 527 1901 qui
547 1815 673 1898 docent,
697 1817 808 1902 regiae
830 1819 992 1904 potestati,
1015 1819 1114 1882 immo
1137 1817 1267 1882 divinae

145 1899 341 1963 ordinationi
363 1898 576 1964 resistendum
598 1921 677 1981 esee,
701 1909 734 1964 et
755 1900 899 1967 exaltant
920 1924 954 1967 se
977 1912 1087 1967 eontra
1101 1903 1267 1988 pontifica-

144 1991 215 2046 tum
230 1983 316 2048 sedis
331 1981 536 2069 apostolicae,
559 1985 615 2070 qui
630 1985 727 2049 etiam
750 2008 784 2050 se
805 1987 907 2052 iustos
930 1995 962 2052 et
983 1984 1144 2071 regulares
1159 2007 1268 2050 mona-

145 2066 224 2131 chos
253 2089 324 2132 esse
351 2067 543 2153 profitentur
571 2077 603 2133 et
632 2067 783 2134 caelestes
813 2093 847 2136 se
869 2091 907 2134 ac
929 2068 1089 2157 spiritales
1111 2091 1181 2135 esse
1201 2069 1268 2156 glo-

145 2153 279 2233 rientur,
316 2153 399 2216 sieut
431 2153 550 2238 scripte
581 2153 726 2217 isorum
761 2163 959 2220 attestantur.
1011 2152 1106 2219 Oerte
1138 2164 1268 2219 sanctus

145 2235 368 2302 Benedictus²
395 2235 499 2317 docet,
521 2175 730 2302 nihifutilius
753 2261 822 2304 esse
844 2239 1002 2304 monacho
1024 2259 1121 2325 quam
1143 2235 1269 2303 humili·

145 2328 255 2403 tatem,
289 2320 459 2386 ostendens
495 2343 538 2385 ex
574 2321 692 2387 Sacrae
722 2321 906 2409 Scripturas
941 2323 1134 2404 testimonio,
1167 2343 1268 2408 genus

147 2427 219 2468 esse
255 2405 426 2490 superbiae
460 2425 586 2470 omnem
618 2403 854 2473 exaltationem.
901 2423 993 2488 Omni,
1019 2408 1140 2494 inquit,
1168 2421 1270 2474 vitinus

147 2496 191 2547 uel
224 2494 386 2547 entremitute
420 2500 555 2546 contentus
587 2495 620 2546 eit
655 2497 814 2560 monachus,
845 2505 869 2549 et
896 2514 949 2548 non
981 2498 1066 2549 solum
1096 2513 1148 2548 suo
1176 2495 1270 2562 linquo

142 2567 315 2634 pronuntiet,
344 2569 391 2621 sed
419 2569 499 2620 etiam
526 2567 618 2619 intimo
647 2569 734 2620 cordis
762 2571 853 2622 medat
878 2571 989 2636 affectu,
1016 2587 1043 2622 se
1067 2568 1221 2637 inferiorem
1246 2577 1271 2622 et

146 2651 267 2702 ultorem
301 2651 430 2702 mnibus.
480 2635 544 2700 Sed
577 2634 623 2700 illi
660 2657 746 2700 nunc
781 2637 947 2717 monachi,
992 2635 1140 2722 qualibus
1183 2645 1270 2700 certe

147 2719 330 2784 Pharisaeis
362 2718 440 2782 dicit
460 2721 495 2783 in
516 2719 684 2805 euangelio
707 2720 882 2785 Dominus:
914 2722 973 2786 Vos
998 2724 1075 2785 estis
1097 2723 1156 2806 qui
1176 2723 1270 2786 iusti·
1280 2745 1336 2786 nuc.
1345 2745 1381 2798 re,
1391 2743 1429 2787 15.

140 2805 256 2887 ficetis
283 2825 339 2868 uos
369 2827 480 2868 corum
510 2805 705 2886 hominibus,
727 2805 892 2870 Dominus
920 2815 1025 2870 autem
1053 2807 1143 2869 novit
1168 2805 1271 2869 cordo

147 2897 274 2970 uestro,
305 2889 385 2973 quio
418 2890 504 2987 quod
537 2889 721 2954 hominibus
757 2889 858 2954 altum
894 2899 940 2954 est
972 2888 1192 2954 abominabile
1225 2897 1271 2954 est

149 2973 245 3058 opud
271 2972 398 3037 Deum:
427 2971 490 3055 1lli,
522 2973 671 3059 inquam,
702 2974 749 3037 sie
781 2973 899 3038 docent
933 2975 967 3038 in
999 2975 1174 3059 synagogis
1203 2973 1270 3036 suis

147 3067 181 3122 et
210 3057 258 3120 sic
285 3055 429 3120 scribunt
450 3065 562 3121 eontra
583 3058 767 3143 pontificem
790 3056 1109 3144 apostolicaesedis:
1143 3057 1269 3131 Caveto,

147 3142 308 3228 inquiunt,
330 3150 376 3222 tu,
400 3143 621 3222 oelnistiune,
644 3166 685 3206 ne
702 3143 864 3230 Wipberto
884 3144 980 3208 corde
1001 3142 1051 3208 vel
1074 3164 1128 3207 ore
1144 3141 1271 3206 dineria

148 3250 196 3290 un
220 3249 299 3289 uum
321 3225 419 3290 ‘Aoe'.
449 3225 537 3308 Quin
551 3227 650 3290 immo
666 3248 744 3290 eave
759 3239 804 3310 tu,
828 3250 846 3290 ο
869 3225 1049 3308 christiane,
1071 3248 1112 3290 ne
1127 3245 1270 3311 unquam

148 3311 180 3376 ei
199 3250 324 3374 dixeris
346 3307 447 3390 ‘Ave',
470 3311 526 3395 qui
547 3310 589 3374 ad
610 3323 641 3376 te
663 3312 787 3376 venerit
808 3321 839 3376 et
860 3311 1040 3374 doctrinam
1063 3308 1184 3374 Christi
1205 3330 1270 3372 non

148 3393 301 3474 attulerit,
346 3393 476 3457 uoniam
494 3395 552 3480 qui
573 3396 603 3458 ei
625 3395 713 3458 ‘Ave'
734 3397 858 3460 dinenit
880 3396 1134 3459 communicato
1160 3393 1270 3457 eribus

148 3478 242 3544 illius
270 3414 439 3563 modiqnis,
467 3479 550 3542 siout
575 3477 734 3544 Iohannes
762 3477 928 3564 apostolus
956 3479 1011 3542 ait.
1056 3476 1119 3542 Ore
1142 3485 1186 3541 1te
1214 3497 1270 3540 ex·
1282 3495 1400 3539 anun.

148 3571 241 3647 parto
269 3571 302 3627 et
329 3562 386 3648 qui
409 3562 578 3626 veritatem
608 3563 696 3643 dicit,
718 3563 783 3627 Dei
812 3562 1030 3627 testimonium
1051 3561 1161 3642 ascite,
1183 3561 1269 3648 quia,

150 3667 225 3710 oum
253 3645 412 3709 eiusmodi
435 3667 537 3731 genus
563 3646 794 3711 monachorum
820 3649 854 3711 in
880 3655 990 3711 nostra
1019 3645 1187 3730 provincia
1215 3654 1271 3709 aut

149 3731 253 3794 selum
283 3731 324 3794 sit
356 3737 413 3793 aut
439 3731 588 3816 primum,
617 3731 663 3794 eis
691 3739 775 3795 certe
806 3741 855 3796 est
878 3752 977 3816 grave
1006 3730 1047 3794 ad
1075 3729 1270 3794 audiendum

147 3815 289 3880 iustitiae
321 3811 473 3896 verbum,
509 3835 584 3878 oum
619 3835 683 3878 uno
715 3816 856 3880 iustitiae
886 3815 1017 3880 nomine
1049 3815 1271 3879 contineantur

148 4023 172 4075 a)
188 4025 221 4064 im
236 4023 308 4074 Auen
323 4024 380 4074 qula
395 4025 414 4062 1.

148 4215 176 4279 1)
201 4213 244 4265 Of.
271 4214 354 4265 verba
372 4214 515 4279 Augustini
541 4213 590 4266 snb
616 4211 695 4264 linem
721 4212 799 4264 huius
819 4212 926 4278 capitis.
1019 4209 1047 4275 2)
1077 4209 1269 4264 §.Benedicti

144 4287 241 4354 regula
261 4303 285 4340 c.
307 4288 332 4351 7,
351 4287 430 4351 grad.
450 4288 475 4340 6.
497 4286 522 4339 ⁷.
