3116 4822
349 475 400 524 DE
420 474 578 526 UNITATE
597 473 803 526 ECCLESIAE
824 473 1100 527 CONSERVANDA.
1251 475 1286 524 53

88 655 90 660 ’
164 641 425 708 Priscillianistae
457 641 605 724 heretici,
642 639 681 706 de
714 661 851 727 quorum
881 640 1072 706 fetidissima
1103 641 1208 706 heresi
1240 641 1287 705 sic

164 727 279 792 scribit
300 726 367 791 Leo
389 747 485 812 papa,
507 747 583 791 vere
605 725 721 810 dignus
743 746 912 791 successor
925 725 1013 791 Petri
1035 723 1187 811 apostoli:
1211 738 1290 792 Nihil

164 835 211 890 est,
240 811 373 896 lnquit¹,
402 823 522 876 sordium
545 824 574 874 in
593 840 808 890 quoramcunque
827 825 946 877 sensibus
965 821 1115 890 impiorum,
1141 824 1212 889 quod
1234 839 1288 872 non

164 901 193 951 ia
212 901 261 952 boc
280 903 378 969 doymo
397 896 560 966 confluxerit,
587 895 712 962 quoniam
732 898 765 949 de
783 897 855 950 omni
874 907 1039 950 terrenorum
1055 896 1209 964 opinionum
1234 896 1287 946 luto

163 973 335 1040 multiplicem
340 971 534 1040 soecobmiam
544 971 714 1032 miscuerunt,
734 979 763 1022 at
782 971 832 1024 soli
850 979 932 1023 totu-m
951 971 1075 1034 biberent,
1094 969 1222 1036 quicquid
1240 966 1290 1019 olii

165 1072 198 1110 es
212 1064 293 1122 parre
311 1061 476 1124 mutassem,
495 1039 552 1123 qui
566 1037 678 1104 dicunt
695 1037 780 1102 inter
798 1048 915 1120 cetera,
937 1037 1024 1124 quod
1046 1036 1194 1102 diabolus
1209 1057 1288 1100 nun-

188 1145 265 1188 uam
285 1122 382 1188 fuerit
403 1121 518 1204 bonus,
541 1130 572 1186 et
593 1121 681 1207 quod
702 1143 768 1186 non
790 1125 832 1188 sit
847 1122 988 1187 cllidum
1000 1121 1063 1186 Dei
1078 1131 1194 1186 natura
1208 1121 1287 1187 eius.

166 1145 233 1273 bed
255 1203 448 1271 Hildebrant
469 1214 501 1270 ct
522 1205 668 1292 episcopi
690 1207 759 1272 eius
779 1205 874 1272 factis
896 1205 1025 1292 quidem
1047 1215 1176 1289 negant,
1202 1224 1289 1268 crea-

166 1299 271 1356 turam
293 1289 356 1355 Dei
377 1289 541 1354 hominem
562 1289 682 1355 bonam
704 1311 785 1373 esse,
808 1313 903 1377 quem
927 1289 1050 1354 scilicet
1070 1289 1234 1354 hominem
1255 1288 1289 1350 in

165 1383 288 1441 tantum
312 1373 495 1459 despiciunt
515 1375 549 1437 in
570 1395 657 1460 rege,
686 1383 723 1438 ut
743 1375 949 1460 episcopatus
971 1395 1046 1438 suos
1073 1371 1289 1458 relinquentes

165 1468 198 1525 et
212 1463 322 1523 curam
341 1459 523 1523 animarum
545 1457 608 1522 sibi
630 1457 825 1524 creditarum
847 1457 1046 1544 negligentes
1066 1455 1194 1543 fugiant
1214 1477 1289 1520 eum

164 1543 284 1625 videre,
315 1564 390 1607 cum
411 1564 490 1608 vera
510 1541 601 1623 fides,
630 1561 713 1628 quae
735 1554 783 1608 est
804 1542 974 1621 catholica,
1001 1542 1144 1606 omnium
1166 1549 1290 1605 creatu-

164 1649 283 1709 rarum,
309 1628 379 1693 sive
402 1627 593 1712 spiritalium
617 1627 686 1692 sive
708 1627 932 1713 corporalium,
957 1625 1077 1692 bonam
1100 1624 1290 1689 confiteatur

165 1711 378 1777 substantiam
401 1720 433 1776 et
453 1709 673 1778 malinullam
696 1732 766 1776 esse
787 1720 956 1792 naturam3
992 1731 1034 1774 ex
1065 1709 1144 1773 vitio
1167 1709 1289 1794 quippe

165 1795 340 1861 voluntatis
386 1815 482 1859 ravos
504 1796 651 1860 vitiatum
674 1803 723 1860 est
743 1793 865 1860 bonum
888 1795 956 1860 sive
978 1795 1012 1858 in
1033 1791 1148 1878 angelo
1170 1795 1240 1856 sive
1255 1792 1288 1853 in

164 1879 306 1945 homino.
377 1880 431 1942 inc
445 1879 651 1965 supradictus
666 1878 734 1943 Leo
756 1899 859 1964 papa:
883 1892 959 1957 odio,
978 1878 1084 1963 inquit
1093 1888 1115 1957 ¹,
1137 1892 1288 1943 habeantur

163 1977 283 2038 peccato,
302 1987 357 2022 aon
376 1969 502 2033 dominer,
527 1977 552 2022 et
570 1970 642 2036 quod
660 1968 690 2020 in
704 1968 877 2034 peccantibus
896 1965 1013 2020 severrio
1034 1965 1162 2033 castigari
1184 1979 1288 2016 necesse

166 2060 212 2116 cst,
234 2069 289 2104 aon
312 2050 454 2105 accubatis
473 2052 608 2118 plectatur
635 2051 732 2115 naimo,
756 2051 803 2104 sed
828 2047 970 2113 medentis5
996 2032 1053 2099 ubi
1080 2033 1165 2098 enim
1194 2029 1289 2096 bene-

165 2119 317 2202 volentia,
348 2117 395 2183 ibi
423 2118 573 2182 amicitia.
625 2117 690 2184 Sed
718 2139 791 2183 cum
822 2115 951 2182 diabolo
979 2118 1122 2182 amicitia
1149 2123 1290 2180 nonest

166 2201 325 2284 habenda,
362 2203 415 2266 cui
441 2201 541 2269 semel
568 2201 783 2268 renuntiando
810 2201 930 2267 bellum
959 2202 1146 2284 indiximus,
1181 2198 1233 2262 cui
1262 2197 1289 2262 si

165 2309 331 2373 nunquam
347 2287 632 2368 consensissemus,
654 2309 722 2351 nun
746 2308 820 2351 uam
842 2289 876 2350 in
897 2287 974 2351 istas
990 2287 1135 2351 miserias
1157 2280 1288 2348 incidis·

166 2393 284 2437 semus.
329 2369 413 2437 Oum
435 2369 585 2436 omnibus
607 2380 714 2436 autem
760 2371 922 2436 ominibus
948 2369 1107 2450 iubemur,
1134 2376 1450 2454 quantumnomnars.

166 2457 199 2520 in
220 2456 314 2522 nobis
336 2465 395 2536 est,
441 2477 531 2519 acem
554 2452 683 2537 habere,
706 2456 797 2519 cuius
818 2455 947 2540 pietatis
969 2455 1112 2519 studium
1133 2451 1289 2538 praecipi-

166 2561 364 2638 murusque
386 2561 404 2602 a
449 2539 598 2602 inimicos
620 2540 716 2602 etiam
739 2539 917 2622 diligendos
939 2537 1172 2607 transfmdero,
1202 2535 1292 2600 Inter

167 2623 247 2689 haec
269 2646 353 2688 emm
377 2645 459 2722 quae
481 2621 575 2687 valde
595 2620 682 2687 bona
703 2622 927 2687 describuntur
948 2623 1120 2707 praecipue
1142 2630 1191 2684 cst
1205 2619 1291 2684 bona

95 2779 100 2788 ,
169 2717 313 2773 creatura
335 2706 526 2788 De1h0m0,
554 2707 705 2792 quoniam
729 2706 770 2770 ad
792 2706 966 2791 imaginem
994 2716 1026 2771 ct
1047 2703 1289 2769 similitudinem

164 2792 229 2858 Dei
250 2791 353 2857 factus
375 2791 552 2872 esthemo,
578 2791 645 2875 qui,
671 2791 732 2856 etsi
753 2788 836 2854 male
858 2811 937 2854 usus
958 2790 1000 2855 sit
1021 2789 1122 2855 libero
1144 2785 1289 2867 arbitrio,

165 2873 329 2941 declinans
351 2897 371 2940 a
393 2875 478 2940 bono
500 2873 542 2939 ad
564 2873 694 2956 malum,
722 2895 788 2940 non
808 2872 952 2960 perdidit
971 2884 1078 2939 tamon
1100 2871 1216 2937 mentis
1242 2871 1289 2934 in·

164 2959 338 3043 tellectum,
363 2959 421 3024 ubi
442 2959 484 3024 ad
506 2956 747 3024 similitudinem
769 2957 834 3022 Dei
854 2957 958 3022 factus
980 2966 1029 3024 est
1049 2956 1155 3020 homo.
1198 2953 1288 3019 Dici-

165 3055 218 3110 tur
240 3052 346 3109 autem
368 3043 465 3107 homo
487 3043 585 3107 totius
608 3041 753 3109 collectio
781 3040 1007 3125 multitudinis,
1041 3063 1123 3128 quae
1151 3049 1201 3104 est
1228 3039 1287 3104 sub

166 3129 273 3214 specie
295 3127 444 3209 hominis,
467 3128 523 3213 qui
545 3125 668 3192 scilieet
689 3127 784 3191 homo
807 3124 989 3211 diligendus
1004 3134 1065 3208 est,
1083 3147 1147 3189 non
1163 3144 1288 3189 errores

164 3214 277 3299 ipsius,
299 3233 365 3276 non
386 3221 519 3297 peccata
539 3211 651 3296 ipsius.
695 3210 779 3274 Nam
801 3209 913 3276 dicens
934 3211 967 3274 in
989 3209 1157 3295 euangelio
1177 3208 1288 3272 Domi-

165 3319 242 3362 nus:
271 3296 412 3382 Diliqise
437 3297 589 3360 inimicos
611 3305 741 3375 oestron,
771 3305 861 3360 orate
878 3317 944 3378 pro
967 3298 1023 3376 eis,
1073 3295 1112 3358 ui
1131 3315 1187 3357 vos
1208 3305 1447 3376 per-uacuam

166 3391 364 3468 sequuntur,
398 3379 574 3464 benefacite
601 3382 661 3460 eris,
689 3380 748 3464 qui
775 3387 850 3443 vos*
878 3379 1026 3460 oderunt,
1054 3317 1199 3442 bortatur
1227 3396 1286 3438 nos

165 3464 209 3529 ad
230 3463 473 3530 similitudinem
488 3461 562 3545 Dei,
584 3461 721 3549 ideoque
743 3461 906 3528 adiunxit:
930 3461 1023 3543 Sitis,
1043 3461 1203 3546 inquiens,
1261 3459 1288 3523 ii

165 3551 278 3614 Patrio
299 3551 409 3630 vestri,
432 3548 495 3634 qui
510 3547 548 3610 in
571 3546 670 3612 caelis
692 3557 747 3628 est,
777 3548 835 3632 qni
855 3544 953 3612 solem
975 3568 1070 3610 scum
1099 3545 1184 3610 oriri
1222 3544 1289 3607 coit

166 3655 267 3719 sopor
288 3633 387 3698 bonos
408 3643 438 3696 et
457 3630 562 3696 malos
583 3642 612 3695 et
625 3629 715 3716 plait
729 3652 831 3714 snper
844 3631 949 3696 iustos
963 3641 992 3695 et
1005 3631 1155 3697 iniustos.
1192 3624 1287 3693 Unde

166 3717 369 3802 Augustinus
401 3717 436 3780 in
467 3722 608 3779 traetmu
640 3713 756 3800 psalmi
791 3713 847 3778 70:
884 3728 937 3792 Qut
955 3746 1024 3798 erqo,
1053 3713 1190 3800 inquit³,
1225 3727 1288 3780 oenc

167 3808 224 3858 uult
241 3803 347 3866 inimico
365 3823 423 3870 sao,
448 3803 506 3856 Deo
526 3802 620 3855 similis
639 3812 685 3870 est,
710 3821 758 3856 nec
775 3801 829 3856 istc
848 3803 982 3870 superbia,
1007 3802 1055 3856 sed
1073 3803 1222 3856 obedientia
1240 3809 1286 3864 est,

167 3877 293 3946 quoniam
322 3880 359 3932 od
383 3875 526 3945 imaginem
550 3875 604 3928 Dei
621 3875 695 3942 facti
719 3893 818 3929 somus.
856 3875 1011 3940 Faciamus,
1037 3876 1131 3943 iniquit,
1157 3876 1286 3928 bominem
1296 3879 1355 3922 Gen.
1365 3880 1427 3933 1,st.

168 3953 205 4005 ad
222 3952 364 4021 imaginem
382 3957 406 4004 et
423 3949 622 4002 similitudinem
639 3957 765 4001 nostrum.

166 4121 190 4177 ι)
207 4135 249 4165 nos
267 4127 292 4174 13
307 4123 427 4164 Scbcrdtnr
441 4123 520 4164 mend.

167 4280 196 4350 1)
209 4282 310 4334 Leonis
324 4280 440 4349 epistula
452 4283 488 4333 sd
500 4281 637 4332 'l'uribium
648 4280 738 4333 Astur.
750 4282 842 4348 episc,
852 4281 1000 4334 Hirschius
1010 4299 1035 4349 p.
1047 4281 1111 4332 ost.
1168 4279 1198 4345 2)
1217 4281 1286 4334 Leo·

164 4357 302 4497 pis'eeppst.
316 4355 350 4406 sd
363 4355 503 4407 Rusticum
517 4354 635 4407 Narbon.
650 4356 744 4422 episc,
763 4355 910 4408 thschius
925 4372 952 4424 p.
965 4354 1029 4406 616.
1094 4351 1124 4422 3)
1137 4355 1228 4422 Opera
1238 4356 1286 4418 IV,
