3114 4814
267 373 320 422 132
450 373 500 423 DE
520 371 680 423 UNITATE
700 371 905 423 nchESIAE
925 371 1202 424 CONSERVANDA.

265 541 399 605 credens
419 541 454 603 in
469 541 600 604 nomine
615 539 690 604 Iesu
705 539 825 604 Christi
845 542 1018 604 fraternam
1040 539 1190 605 habuerit
1211 541 1390 620 caritatem,

265 624 402 711 Spiritui
431 634 543 690 sancto
569 626 603 687 in
631 647 666 688 se
692 626 835 689 manenti
864 625 1083 689 testimonium
1109 625 1268 710 perhibet,
1295 628 1389 690 iuxta

103 709 353 795 121011.e,1s.qu0d
372 707 536 774 Iohannes
562 707 726 793 apostolus
756 708 864 772 docet:
897 711 939 772 In
969 711 1037 790 boc,
1065 710 1226 796 inquiens,
1256 713 1388 789 scimus,

286 797 422 859 uoniam
437 795 529 858 Deus
547 803 657 856 meoet
677 795 716 858 ia
738 795 841 872 nobis,
863 795 902 856 ia
916 793 1051 877 Spiritu
1072 817 1166 879 quem
1180 795 1271 859 dedit
1284 794 1388 858 aubis.

298 900 337 942 oc
352 879 438 943 enim
453 879 521 964 agit
537 878 677 963 Spiritus
698 878 733 940 in
747 877 886 958 homine,
908 887 945 940 ut
964 879 998 940 in
1019 875 1074 941 illo
1096 879 1138 942 sit
1160 879 1287 960 caritas,
1310 901 1388 962 quo·

125 965 357 1037 maissiam
378 967 514 1044 caritas,
535 963 641 1047 inquit
662 960 792 1042 Paulus,
814 961 940 1046 diffusa
962 971 1007 1026 est
1027 964 1065 1026 io
1087 963 1241 1027 cordibus
1263 966 1387 1027 nostris

258 1071 323 1131 per
350 1047 514 1132 Spiritum
543 1057 703 1127 sunctum,
732 1048 791 1131 qui
820 1045 919 1109 dutus
945 1055 992 1110 est
1017 1045 1121 1110 aubis.
1165 1047 1288 1110 Verum
1310 1069 1387 1132 quo-

263 1133 351 1194 niam
379 1131 472 1196 multi
505 1131 671 1195 caritatem
698 1152 763 1194 non
794 1128 951 1193 habentes
983 1140 1016 1194 et
1043 1131 1198 1194 unitatem
1231 1129 1388 1196 ecclesiae

202 1219 205 1224 ’
262 1237 416 1313 perverso
439 1215 480 1280 do
505 1225 590 1279 mate
612 1213 793 1278 scindentes
822 1212 1029 1277 nihilominus
1052 1214 1209 1300 Spiritum
1240 1224 1388 1279 sanctum

262 1323 297 1363 m
324 1321 358 1363 se
388 1238 508 1446 [sewi
538 1298 745 1380 contendunt,
774 1307 862 1362 reete
889 1320 989 1384 super
1017 1297 1067 1361 his
1096 1300 1262 1384 sequentia
1284 1299 1387 1364 sancti

109 1403 131 1443 1.
139 1401 189 1443 1011.
198 1401 219 1449 4,
231 1403 251 1441 1.
261 1382 414 1448 Iohannis
428 1405 486 1448 ver
509 1405 529 1446 a
550 1404 609 1447 nos
631 1384 812 1446 instruunt:
837 1381 1021 1461 Uerissimi,
1043 1383 1158 1468 inquit,
1181 1384 1280 1448 nolite
1296 1386 1387 1448 omni

261 1469 400 1551 spiritui
414 1468 554 1547 credere,
577 1467 634 1530 sed
650 1467 789 1553 probate
809 1467 960 1551 spiritus,
983 1469 1014 1530 si
1028 1489 1069 1530 ea
1083 1468 1153 1530 Deo
1176 1468 1283 1546 suntl,
1306 1491 1385 1554 quo·

262 1553 355 1616 aium
369 1553 465 1616 mrdti
474 1551 783 1636 pseudoprophetae
797 1551 948 1614 eaieruat
969 1552 1008 1614 ia
1021 1551 1192 1616 mundum.
1221 1551 1385 1636 Afructi-

100 1635 322 1704 flaminibus
343 1659 454 1700 eorum
476 1638 674 1720 requescetis
695 1658 757 1713 eos,
780 1633 859 1698 dicit
879 1633 1052 1698 Dominus.
1084 1633 1171 1700 Ecce
1193 1636 1279 1699 enim
1301 1657 1387 1699 sum-

261 1740 334 1782 mus
356 1718 503 1804 pontifex
525 1718 610 1782 sedis
626 1717 820 1804 apostolicae
834 1719 981 1802 arguitur
997 1717 1168 1801 mendacii,
1214 1721 1268 1783 uia
1282 1719 1386 1784 humi-

260 1802 343 1866 lians
365 1825 400 1868 se
420 1804 455 1866 in
477 1803 626 1868 omnibus
647 1823 667 1864 a
691 1801 790 1888 pellat
810 1824 844 1866 se
866 1824 996 1868 servum
1018 1825 1185 1867 servorum
1235 1805 1274 1883 ei,
1297 1803 1386 1888 quod

260 1887 378 1971 legitur
399 1887 513 1952 beatus
535 1909 622 1973 papa
676 1889 822 1972 regorius
845 1887 968 1972 primus
991 1887 1134 1950 omnium
1164 1889 1198 1950 in
1225 1889 1387 1973 principio

261 1971 472 2071 epistolarum
491 1993 622 2036 suarum
638 1970 810 2037 scribendo
830 1971 907 2035 satis
929 1969 1093 2035 humiliter
1107 1970 1268 2054 definisse,
1290 1993 1386 2036 cunc-

261 2065 368 2141 trsque
396 2059 462 2119 suis
489 2054 732 2120 successoribus
760 2056 992 2120 documentum
1013 2053 1076 2118 hoc
1098 2078 1175 2120 suae
1196 2055 1386 2122 humilitatis

262 2138 362 2204 dereli
385 2141 503 2204 uisse¹.
548 2139 603 2204 Sic
630 2161 720 2220 vero,
747 2141 794 2203 sic
823 2139 926 2202 sancti
956 2161 1067 2203 omnes
1094 2163 1153 2224 per
1174 2139 1385 2206 humilitatem

263 2163 477 2288 ascenderunt
498 2223 540 2288 ad
561 2221 788 2288 exaltationem
810 2221 899 2286 illam
920 2222 1100 2305 caelestem,
1122 2223 1163 2288 de
1185 2246 1249 2310 qua
1271 2225 1389 2302 cecidit

263 2305 317 2370 ille
338 2316 486 2392 apostata
507 2305 640 2391 angelus
662 2329 721 2392 per
742 2307 937 2393 superbiam,
960 2309 1017 2393 qui
1037 2307 1123 2372 dixit
1141 2309 1176 2370 in
1197 2309 1293 2374 corde
1312 2331 1388 2374 suo:

172 2373 306 2474 ffffln
334 2391 460 2456 eaelum
488 2393 711 2472 conscendam,
740 2415 841 2476 super
870 2401 964 2455 astra
990 2392 1058 2456 Dei
1088 2392 1238 2458 eaeoltabo
1268 2393 1387 2458 solium

263 2497 368 2539 meum
390 2478 426 2539 iu
441 2485 546 2539 moute
560 2478 751 2556 testamenti,
772 2475 985 2540 delatoribus
1008 2476 1186 2562 aquilonis,
1210 2479 1386 2543 ascendam

264 2581 304 2622 su
330 2582 366 2622 er
398 2559 604 2624 altitudinem
636 2560 782 2640 nubium,
816 2559 934 2624 similia
965 2583 1020 2625 ero
1054 2560 1232 2625 Altissimo.
1277 2561 1386 2642 Quam

263 2583 386 2708 scilicet
412 2653 542 2708 satanae
568 2643 770 2708 altitudinem
796 2643 964 2707 imitantur
984 2642 1018 2706 hi
1068 2645 1102 2708 ui
1129 2654 1203 2708 sunt
1230 2655 1386 2730 exparte

261 2725 357 2809 illius,
381 2749 517 2812 quorum
532 2727 605 2791 finis
619 2729 777 2808 interitus,
800 2727 841 2791 de
857 2727 975 2812 quibus
997 2737 1029 2791 et
1042 2667 1214 2792 daalmista
1228 2727 1385 2815 loquitur:

121 2811 421 2886 m.ra,1s.Deiecisti
442 2835 506 2893 eos,
527 2813 686 2898 inquiens,
713 2813 791 2876 dum
812 2810 1051 2876 estollereatur.
1095 2813 1272 2898 Postquam
1298 2814 1383 2877 enim

262 2897 343 2958 moti
364 2905 438 2959 sunt
458 2895 605 2959 homines
628 2895 669 2960 ab
692 2897 812 2959 oriente
842 2904 873 2958 et
893 2907 1094 2961 recesserunt
1115 2918 1135 2959 a
1155 2919 1232 2961 vero
1254 2895 1384 2979 lumine,

262 2987 339 3041 tune
370 2979 525 3044 adversus
560 2979 669 3042 Deum
701 2979 877 3064 impietatis
909 2999 986 3043 suae
1018 2980 1131 3044 turrim
1162 2980 1385 3064 aedificavere,

261 3071 340 3126 tune
369 3062 556 3147 dogmatum
586 3060 753 3148 superbias
777 3062 1011 3146 confinxerunt,
1035 3065 1218 3129 curiositate
1241 3065 1385 3130 volentes

261 3167 328 3210 non
348 3145 437 3211 licita
457 3147 491 3209 in
512 3147 615 3232 ipsius
631 3146 712 3210 caeli
731 3147 797 3211 alta
817 3155 1002 3232 penetrare;
1024 3159 1056 3213 et
1069 3157 1203 3212 vocatus
1225 3159 1274 3214 est
1293 3148 1385 3214 loeus

98 3213 129 3255 ⁰¹·
141 3213 315 3314 2,'¹{¹}‘’⁸''ille
330 3229 442 3312 Babel,
463 3230 497 3294 id
512 3241 562 3295 est
576 3231 731 3295 confusio.
766 3230 869 3312 Quale
890 3232 1079 3316 mysterium
1100 3232 1278 3318 iniquitatis
1299 3255 1386 3297 nunc

166 3301 172 3325 '
262 3326 414 3401 operatur
440 3337 499 3401 per
521 3316 678 3401 quosdam
714 3317 770 3401 qui
797 3315 947 3380 dicuntur
968 3315 1384 3398 monaehi,confi1ndentes

262 3399 431 3464 ecclesiam
460 3401 581 3485 pariter
607 3409 639 3464 et
669 3421 736 3462 rem
765 3399 931 3484 publicam
959 3421 1112 3484 perverso
1139 3401 1291 3486 dogmate
1314 3423 1384 3484 suo,

262 3485 319 3569 qui
340 3484 550 3548 adversantur
571 3496 603 3548 et
624 3481 782 3547 extollunt
804 3506 837 3548 se
860 3483 1016 3548 adversus
1044 3485 1166 3568 regiam
1191 3495 1384 3571 potestatem

262 3576 295 3630 et
312 3566 467 3632 adversus
481 3566 692 3653 apostolicam
708 3567 827 3648 sedem,
849 3577 1010 3652 putantes,
1031 3567 1212 3654 legitimum
1233 3592 1300 3634 non
1314 3593 1385 3636 esse

207 3649 210 3658 ’
261 3672 408 3736 regnum,
429 3651 492 3714 nisi
514 3651 601 3737 quod
622 3675 682 3737 per
696 3651 799 3716 scelus
820 3652 916 3716 fuerit
938 3654 1129 3738 quaesitum,
1150 3675 1210 3718 nee
1231 3655 1385 3718 idoneum

263 3755 333 3797 esse
355 3734 519 3801 Romanae
542 3734 696 3800 ecelesiae
718 3738 917 3822 episcopum,
940 3737 1001 3801 nisi
1026 3759 1085 3822 per
1128 3758 1202 3800 uem
1224 3739 1385 3823 pandatur

263 3817 414 3882 omnibus
446 3818 594 3883 hereticis
623 3821 720 3884 ianua
748 3829 781 3884 et
812 3821 961 3885 introitus
994 3821 1028 3884 in
1060 3844 1078 3884 ο
1105 3822 1145 3886 'e
1176 3822 1383 3887 dominicum.

262 3901 421 3966 Novimus
444 3903 575 3988 quidem
600 3905 810 3969 domesticam
838 3905 1071 3970 institutionem
1094 3907 1253 3970 eiusmodi
1275 3928 1385 3972 mona·

263 3985 408 4068 chorum,
437 4009 534 4072 quam
556 4010 631 4052 vere
659 4010 831 4074 possumus
853 3988 1031 4054 assimilare
1053 3988 1178 4088 siliquis
1199 3997 1385 4077 porcorum,

100 4070 303 4146 marerade
329 4070 446 4158 quibus
471 4094 536 4136 non
562 4073 666 4158 potuit
693 4071 746 4145 ille
769 4075 915 4156 saturari,
943 4095 1039 4159 quem
1061 4072 1140 4138 dicit
1160 4076 1194 4139 in
1216 4075 1386 4161 euangelio

262 4215 286 4267 a)
307 4217 362 4256 deest
380 4219 399 4258 1.
459 4215 483 4269 b)
505 4219 551 4258 sint
571 4217 630 4267 Volo.

266 4327 574 4394 numism
