3116 4822
278 325 295 374 2
469 325 519 374 DE
539 323 698 375 UNITA'I'E
717 323 922 376 ECCLESIAE
942 322 1216 376 CONSERVANDA.

278 490 377 556 fuisse
400 491 576 575 Gregorius
606 513 701 577 papa,
730 493 785 576 qui
808 501 839 556 et
860 490 1054 573 Hildibrant,
1075 491 1203 555 videtur
1224 488 1400 575 aliquibus,

280 573 367 662 quod
389 595 446 637 nos
468 596 528 638 nec
550 574 744 638 affirmamus
766 597 826 638 nec
847 576 1022 657 renuimus,
1045 574 1101 638 sed
1116 574 1211 638 huius
1229 575 1276 636 rei
1295 593 1399 638 secre-

279 669 349 724 tum
376 657 486 723 divino
513 658 632 722 iudicio
658 657 884 744 relinquimus,
911 659 988 745 quia
1015 679 1101 722 nunc
1130 657 1177 721 ibi
1204 657 1397 721 constitutus

280 751 329 807 est
356 751 431 828 post
461 743 604 828 corporis
633 741 727 807 huius
756 742 998 829 depositionem,
1027 743 1085 808 ubi
1114 741 1173 805 sub
1195 739 1302 806 iudice
1324 740 1399 804 Deo

198 829 200 832 ’
280 827 402 910 recepit
430 827 521 891 iuxta
550 827 654 891 meriti
681 828 731 890 sui
758 826 954 913 qualitatem.
997 825 1121 891 Tamen
1148 824 1265 889 dicturi
1287 846 1399 888 sumus

280 930 385 995 pauca
413 908 453 974 de
480 911 607 994 scriptis
636 909 732 992 illius,
760 923 805 993 ut,
838 910 887 975 his
916 931 955 975 ea
982 931 1046 995 qua
1074 920 1201 994 oportet
1232 907 1400 994 diligentia

280 995 469 1079 perspectis,
495 1003 641 1058 teneatur
669 994 784 1059 modus
811 995 1004 1058 defensionis
1028 995 1167 1080 partium
1188 992 1299 1077 ipsius,
1321 1013 1401 1077 quo-

280 1078 377 1160 niam,
405 1078 489 1142 sicut
510 1077 641 1143 scribit¹
669 1089 798 1144 sanctus
821 1078 1003 1164 Cyprianus
1030 1078 1213 1163 episcopus,
1242 1078 1399 1142 unitatem

280 1163 336 1247 qui
362 1181 428 1226 non
455 1170 552 1242 tenet,
578 1182 643 1226 non
672 1172 758 1227 tenet
781 1164 885 1227 Patris
915 1171 947 1226 et
968 1159 1043 1226 Filii
1071 1161 1178 1244 fidem,
1207 1164 1305 1226 vitam
1334 1181 1400 1222 non

281 1254 369 1310 tenet
391 1255 423 1309 et
443 1245 587 1309 salutem.

365 1329 396 1393 2.
438 1329 542 1412 Igitur
563 1328 709 1392 Romana
735 1327 871 1394 ecclesia
893 1337 995 1393 mater
1017 1337 1065 1393 est
1086 1331 1229 1392 omnium
1252 1325 1402 1392 ecclesia-

281 1433 363 1493 rum,
392 1432 476 1508 quae
504 1409 628 1476 faciunt
655 1434 753 1476 unam
783 1411 972 1476 catholicam
1001 1411 1181 1495 ecclesiam,
1207 1421 1239 1476 et
1260 1411 1403 1496 dignitas

281 1495 419 1558 Romam
444 1496 583 1560 nominis
612 1506 709 1560 caut
737 1496 788 1561 vel
816 1495 945 1560 domina
972 1495 1090 1560 dicitur
1118 1496 1321 1584 populorum,
1344 1495 1401 1580 qui
1429 1557 1436 1571 ,

282 1579 443 1663 pertinent
463 1577 505 1642 ad
523 1579 628 1664 ipsam
643 1518 789 1663 Comam,
812 1601 984 1666 quaecum
1004 1582 1046 1644 sit
1059 1580 1171 1661 libera,
1193 1581 1272 1645 facit
1293 1581 1403 1660 etiam,

282 1671 319 1726 ut
340 1664 404 1726 sint
424 1661 518 1728 liberi
540 1673 697 1748 quotquot
718 1675 793 1729 sunt
814 1666 874 1730 sub
891 1663 1044 1729 civilitate
1063 1687 1131 1729 sua.
1164 1664 1250 1728 Hinc
1273 1674 1402 1728 sanctus

284 1745 461 1831 Gregorius
495 1746 639 1812 scribens
675 1747 717 1812 ad
748 1748 890 1814 Phooam
923 1749 1187 1835 imperatorem²:
1225 1755 1402 1819 Batormetor,

283 1831 397 1916 inquit,
423 1837 477 1888 iam
502 1836 614 1905 siapalia
640 1839 687 1888 aab
713 1839 774 1906 lupo
794 1838 839 1904 pa?
863 1838 969 1904 imperii
994 1840 1099 1890 libertos
1122 1855 1181 1902 aaa,
1207 1837 1333 1904 quoniam
1354 1836 1405 1886 1100

282 1921 352 1972 inter
370 1935 444 1987 repes
462 1921 578 1987 pontium
602 1928 626 1972 et
645 1920 685 1972 rei
698 1921 845 1986 publicae&
870 1922 960 1984 distat,
984 1921 1147 1988 quadrages
1164 1921 1282 1986 pontium
1301 1916 1403 1970 domiai

282 2009 418 2045 aereorum
441 1999 510 2056 aaut,
536 1994 709 2059 imperatores
734 2010 794 2044 vero
820 1992 860 2045 rei
879 1994 1005 2060 publicae
1028 1993 1129 2044 domiai
1148 1993 1297 2045 liberorum.
1337 1983 1404 2048 Sed

284 2067 590 2155 Constantinopolis,
622 2091 705 2154 quae
731 2088 816 2132 nova
836 2069 940 2133 Roma
969 2069 1095 2152 dicitur,
1123 2079 1200 2133 tunc
1221 2077 1290 2133 erat
1311 2067 1403 2132 sedes

283 2153 507 2237 imperatoriae
537 2152 712 2237 dignitatis,
742 2151 804 2216 hoc
832 2153 879 2216 ita
906 2152 1071 2218 ordinante
1093 2153 1252 2218 industria
1280 2163 1312 2218 et
1332 2150 1404 2216 reli-

283 2237 379 2321 gione
403 2235 603 2299 Constantini
624 2236 837 2320 imperatoris,
860 2246 895 2300 ut
915 2247 1007 2301 vetus
1030 2237 1133 2300 Roma
1155 2239 1314 2324 optineret
1339 2236 1402 2320 pri·

284 2327 407 2384 matum
422 2319 591 2404 apostolici
605 2317 734 2382 honoris
755 2329 787 2384 et
800 2341 885 2383 nova
899 2321 1049 2386 retineret
1062 2322 1280 2408 principatum
1294 2321 1405 2404 regiae

284 2403 470 2485 maiestatis,
499 2412 535 2466 ut
561 2403 608 2466 sic
634 2414 737 2466 mater
767 2415 799 2468 et
825 2403 891 2468 filia
918 2405 1151 2471 concordarent
1182 2407 1215 2472 in
1247 2407 1404 2469 unitatem

285 2485 477 2551 christianae
503 2486 577 2551 fidei
606 2496 637 2550 et
664 2485 838 2571 religionis.
881 2489 1057 2576 Postquam
1090 2499 1197 2555 autem
1230 2489 1405 2574 degenera-

285 2579 401 2634 verunt
422 2591 523 2635 novae
544 2569 628 2634 illius
643 2570 764 2636 Romae
786 2574 1006 2659 imperatores,
1028 2575 1107 2640 facti
1128 2573 1178 2640 vel
1200 2572 1332 2640 heretici
1353 2572 1405 2637 vel

286 2654 499 2720 hereticorum
528 2655 711 2720 defensores
742 2658 809 2722 sive
837 2659 932 2722 etiam
959 2659 1134 2724 catholicae
1156 2657 1311 2722 ecclesiae
1357 2679 1404 2720 er-

286 2748 458 2821 secutoreS,
487 2748 564 2804 tunc
593 2747 700 2804 mater
746 2742 817 2805 uasi
844 2741 983 2806 scribere
1012 2743 1119 2828 eoepit
1146 2740 1232 2806 filiae
1260 2679 1405 2806 libellum

285 2847 320 2889 re
344 2823 423 2904 udii,
447 2833 479 2888 et
494 2823 574 2888 alios
588 2823 670 2888 filios
693 2847 733 2889 no
758 2824 858 2890 ilitate
881 2824 976 2888 simul
998 2837 1030 2890 et
1043 2827 1161 2890 virtute
1176 2827 1405 2911 prestantiores

236 2972 242 2991 ,
285 2930 305 2972 a
329 2907 461 2993 quisivit
490 2908 562 2983 sibi,
591 2919 627 2973 ut
648 2907 772 2972 Galliae
800 2919 831 2974 et
853 2907 1047 2973 Germaniae
1070 2908 1182 2994 populi
1204 2911 1267 2972 sint
1294 2917 1325 2973 et
1346 2907 1406 2971 filii

287 3001 318 3056 et
333 2991 419 3056 cives
434 2991 494 3072 sui,
514 3001 610 3078 atque
630 3014 722 3077 reges
744 3013 854 3056 aarum
877 2997 919 3056 im
946 3003 1086 3058 aratores
1108 2993 1172 3056 sint
1191 2991 1405 3076 reipublicae

287 3083 320 3138 et
348 3075 511 3139 Romanae
539 3075 692 3141 eeclesiae
719 3077 856 3162 patricii.
901 3015 995 3142 1111110
1024 3075 1170 3160 legitur³,
1204 3075 1405 3158 Stephanum

286 3179 403 3244 papam
420 3163 547 3224 venisse
569 3159 610 3224 ad
625 3183 732 3244 regem
748 3161 923 3246 Pippinum
947 3169 979 3224 et
993 3157 1174 3246 postulasse
1188 3158 1405 3242 patrocinium

287 3243 356 3308 eius
389 3253 499 3308 contra
530 3244 728 3308 Haistulfum
764 3267 873 3328 regem
905 3241 1192 3328 Longobardorum
1228 3263 1266 3305 ac
1301 3240 1405 3326 ipsius

286 3328 456 3412 patrocinii
477 3328 581 3412 gratia
601 3328 791 3409 decrevisse,
815 3326 990 3414 quemlibet
1010 3327 1164 3410 deinceps
1182 3348 1291 3410 regem
1306 3327 1405 3390 Fran-

287 3432 399 3475 corum
420 3413 589 3497 patricium
613 3435 682 3477 esse
704 3413 931 3494 Romanorum,
953 3412 1037 3475 sicut
1057 3410 1149 3474 verbi
1170 3431 1268 3474 causa
1288 3410 1407 3496 legitur

287 3496 321 3558 in
343 3495 564 3580 chirographis
586 3496 626 3559 de
642 3495 757 3560 Carolo
779 3497 949 3580 scriptum:
975 3494 1112 3559 Carolus
1131 3496 1244 3576 pratia
1259 3497 1324 3561 Da·
1345 3518 1405 3560 rece

288 3579 493 3644 [1100000001
521 3589 550 3642 et
577 3580 867 3666 Loapobardorrtm
901 3603 939 3642 00
967 3581 1137 3663 patricius
1168 3581 1404 3645 Romanorum.

288 3661 352 3724 Hic
382 3672 430 3726 est
452 3661 596 3743 Carolus,
626 3663 680 3747 qui
707 3663 830 3748 primus
861 3685 902 3726 ex
923 3663 1120 3728 Francorum
1148 3664 1279 3749 regibus
1304 3665 1405 3748 impe·

287 3755 374 3810 rator
396 3755 444 3810 est
466 3744 640 3826 ordinatus,
663 3746 750 3832 quod
770 3755 806 3810 ut
825 3746 925 3826 fieret,
947 3769 1005 3832 per
1018 3748 1103 3812 illius
1126 3748 1280 3834 temporis
1302 3749 1406 3833 ponti-

288 3829 382 3894 ficem
414 3829 594 3892 Romanum
626 3831 746 3894 invitus
780 3839 826 3894 est
858 3831 1030 3916 adductum
1063 3833 1156 3896 cuius
1188 3833 1284 3897 etiam
1314 3840 1406 3916 pater

287 3913 459 4000 Pippinus,
480 3913 519 3977 de
542 3934 605 3998 quo
628 3936 726 4001 supra
748 3916 869 3980 dietum
892 3925 948 3996 est,
971 3939 1046 3981 cum
1068 3927 1151 3982 esset
1173 3917 1275 3979 maior
1290 3914 1406 3979 domus

288 3999 322 4062 in
349 4019 449 4082 regno
472 3999 681 4082 Francorum,
708 3999 769 4063 hoc
792 4010 841 4065 est
862 4001 1042 4087 praefectus
1064 4000 1183 4086 palatii,
1210 4010 1242 4064 et
1269 3999 1406 4064 adeum

288 4167 311 4222 a)
328 4171 478 4219 Imperatores
493 4169 542 4209 cdd.
560 4168 622 4219 Orsa.

291 4299 318 4367 1)
336 4302 462 4368 Cypriani
475 4318 556 4368 opera
576 4301 618 4352 ed.
632 4303 738 4366 Hartel,
750 4303 865 4354 Vindob.
881 4301 959 4365 1868,
979 4303 1032 4362 111,
1046 4303 1068 4364 l,
1088 4320 1113 4368 p.
1126 4301 1186 4368 ato,
1199 4303 1223 4351 9.
1276 4301 1302 4363 2)
1323 4299 1406 4364 Greg.

289 4391 331 4442 ep.
352 4377 430 4440 XIII,
451 4376 485 4426 34
505 4376 560 4439 (ed.
581 4375 693 4440 Ewald),
768 4375 796 4440 3)
818 4377 858 4428 cf.
878 4377 947 4428 Arm·
967 4375 1045 4426 Einh.
1066 4391 1091 4425 a.
1106 4375 1167 4426 801.
1452 4372 1458 4378 '
