3114 4814
290 314 342 364 126
471 313 523 364 DE
541 310 700 364 UNITATE
719 308 925 362 nocumenta
946 306 1224 362 consumans.

290 489 501 547 surrexerunt
529 479 571 544 ad
598 475 783 563 exemplum
804 474 936 541 Dathan
964 484 997 540 et
1018 474 1143 540 Abiron
1171 484 1285 540 contra
1310 497 1421 540 saeer—

290 565 414 630 dotium
436 564 579 643 Domini,
607 561 710 649 qualis
739 562 836 626 etiam
863 561 925 625 fuit
950 562 1062 626 tertius
1083 558 1212 624 illorum
1233 561 1340 626 socius
1360 559 1421 626 ille

292 648 436 734 Sergius,
467 649 524 734 qui
552 646 728 712 insurrexit
757 654 870 710 contra
892 641 1092 710 Clementem
1118 665 1237 730 papam
1284 666 1319 710 er
1340 665 1416 730 par-

290 736 371 798 tium
392 731 499 796 studia
514 729 786 810 subintroductus,
807 740 904 829 atque
927 729 1034 794 statim
1056 729 1090 792 in
1111 729 1123 791 i
1147 750 1182 793 so
1205 749 1223 793 o
1266 731 1273 744 '
1297 729 1418 793 ationis

292 837 369 882 suae
398 817 549 901 ingressu
575 813 734 901 profluvio
760 823 880 878 ventns
908 812 1040 894 solutus,
1062 835 1106 898 ps
1141 834 1160 878 o
1181 823 1256 900 post
1283 813 1414 897 interiit,

292 901 403 965 divino
425 899 546 964 iudicio
567 910 770 985 percussus1.
804 897 859 963 Sic
874 899 996 985 quippe
1010 895 1129 982 legitur
1150 898 1183 961 in
1199 895 1417 962 ecclesiastica

292 984 454 1066 historia²,
484 981 616 1048 Arrium
645 983 688 1048 ad
717 980 885 1048 ecclesiam
914 993 1103 1067 pergentem
1130 981 1356 1068 episcoporum
1383 989 1422 1046 et

291 1066 485 1154 populorum
500 1067 547 1131 fre
571 1067 680 1132 nentia
695 1067 912 1152 constipatum
927 1065 1087 1132 humanae
1101 1065 1301 1132 necessitatis
1316 1085 1415 1130 causa

292 1151 335 1216 ad
365 1161 524 1216 secretum
549 1088 659 1215 locum
688 1149 877 1230 declinasse,
904 1147 961 1214 ubi
991 1171 1064 1213 cum
1094 1150 1237 1232 sedisset,
1263 1149 1420 1214 intestina

293 1237 363 1301 eius
390 1245 424 1300 at
447 1257 488 1299 ue
518 1236 627 1299 omnia
648 1234 773 1298 viscera
799 1235 834 1296 in
861 1255 1007 1299 secessus
1035 1233 1219 1299 cuniculum
1242 1232 1419 1298 defluxisse

294 1329 325 1386 et
353 1320 399 1383 ita
425 1257 461 1383 li
507 1341 561 1382 am
589 1329 724 1382 mortem
753 1316 971 1404 blasphemiae
1001 1327 1033 1384 ot
1062 1318 1200 1384 foetidae
1222 1320 1338 1383 mentis
1360 1339 1417 1382 ex-

294 1402 420 1471 olvisse.
462 1341 559 1468 libes
592 1410 727 1484 constat,
755 1423 810 1466 eos
846 1403 949 1500 magis
977 1424 1076 1488 quam
1102 1401 1308 1488 Wigbertum
1341 1423 1418 1466 con·

294 1496 395 1552 sortes
424 1509 495 1551 esse
521 1486 619 1566 Arrii,
648 1507 728 1572 quos
758 1489 948 1586 constringit
982 1485 1095 1550 similis
1116 1509 1221 1572 poena
1247 1486 1299 1552 vel
1326 1483 1416 1552 exilii

294 1570 348 1636 vel
381 1570 543 1656 supplicii.
601 1569 697 1644 Quod
729 1571 830 1650 enim,
863 1572 1028 1656 inquiunt,
1061 1574 1134 1654 ipse
1168 1571 1350 1657 Wipbertas
1383 1592 1419 1634 se

295 1655 544 1740 transfigurans
571 1656 609 1719 ia
640 1653 793 1754 copelata
822 1655 907 1720 lacis
935 1656 1034 1740 quasi
1061 1657 1106 1719 ad
1128 1656 1309 1720 docendam
1329 1656 1416 1719 testi·

295 1741 409 1804 monia
430 1739 554 1824 collipit
573 1739 613 1803 cle
628 1741 816 1822 scripturis,
839 1741 960 1803 miram
981 1761 1049 1804 noa
1070 1748 1125 1820 est,
1149 1741 1229 1824 qaia
1250 1749 1279 1803 et
1292 1739 1419 1802 Arriae

297 1824 356 1888 boc
369 1822 494 1907 fecisse
514 1823 645 1908 lepitar,
666 1824 705 1887 dc
721 1845 783 1907 qao
799 1823 904 1888 Filias
918 1825 1028 1888 minor
1042 1823 1140 1886 Patre
1156 1826 1326 1888 asseritur.
1360 1821 1416 1885 Sic

295 1927 383 1988 vero,
413 1907 459 1970 sic
493 1916 620 1992 oportet
651 1905 721 1970 fieri
748 1927 808 1992 per
836 1905 984 1972 doctores
1013 1905 1233 1988 ecclesiarum,
1261 1915 1298 1971 ut
1325 1907 1420 1970 iuxta

136 1989 486 2056 asanaapsalmistae
514 1991 734 2056 testimonium
759 1990 880 2055 faciant
912 1990 1067 2056 iudicium
1100 1991 1327 2076 conscriptum,
1349 1992 1419 2054 iun-

296 2083 407 2160 gentes
429 2075 611 2140 testimonio
633 2076 863 2156 testimonium,
885 2096 949 2161 quo
964 2073 1086 2140 scilicet
1099 2073 1219 2140 iudicio
1235 2075 1419 2160 conscripto

296 2157 376 2222 nihil
397 2159 520 2222 firmius
542 2167 590 2223 est
604 2168 717 2223 eontra
730 2157 903 2222 insidiosos
918 2181 1040 2224 errores
1062 2159 1331 2240 adversariorum,
1354 2179 1418 2245 quo

298 2243 394 2307 etiam
416 2241 496 2304 nihil
510 2243 610 2306 tutius
625 2251 674 2306 est
694 2244 736 2306 ad
751 2241 1007 2307 exhortationem
1024 2253 1056 2308 et
1070 2243 1250 2308 doctrinam
1264 2242 1418 2308 fidelium.

299 2325 394 2391 Certe
419 2326 534 2389 Arrius
565 2346 631 2390 non
664 2327 815 2392 utebatur
842 2326 969 2392 divinae
997 2327 1182 2412 scripturae
1216 2327 1418 2409 testimoniis,

298 2409 355 2473 sed
376 2408 577 2490 abutebatur,
606 2411 698 2474 iuxta
720 2409 806 2496 quod
835 2419 867 2475 et
888 2411 941 2476 isti
962 2410 1085 2476 faciunt
1104 2411 1356 2498 pseudographi,
1379 2411 1420 2476 de

145 2507 228 2548 rerem.
238 2505 259 2559 8,
268 2506 289 2546 ⁸·
299 2491 452 2642 illabili
462 2515 521 2640 per
535 2493 937 2644 Hieremiamtpropgetam
947 2495 1085 2644 Zdicitur:
1107 2495 1273 2645 {illm
1290 2495 1419 2643 dicit‘il's:

338 2601 359 2640 a
384 2601 414 2642 te
452 2601 468 2642 e
502 2601 729 2644 ooasamase
768 2601 808 2644 aa
858 2603 945 2645 aao
966 2602 1152 2645 recantes.
1213 2603 1266 2645 era
1287 2604 1359 2646 mea
1386 2603 1420 2644 a·

161 2731 164 2737 ,
300 2601 397 2744 ciuili,
419 2661 533 2747 inquit,
558 2673 713 2746 operatas
728 2673 773 2728 est
786 2663 882 2728 stilos
904 2665 1048 2730 mendac
1070 2665 1266 2729 scribarum.
1306 2665 1421 2729 Omnis

208 2739 387 2841 {giganta
410 2747 510 2811 arbor
531 2769 571 2810 ecc
583 2747 706 2831 fracta
727 2770 786 2812 sao
809 2751 1027 2834 cognoscitur,
1050 2749 1133 2812 sicut
1155 2748 1234 2813 dicit
1248 2748 1419 2813 Dominus

242 2828 248 2851 '
285 2826 601 2916 'ErgoWigbertus,
624 2831 681 2916 qui
703 2840 735 2896 et
750 2830 898 2897 Clemens
919 2854 1016 2918 papa,
1037 2831 1158 2919 profert
1179 2854 1253 2896 cum
1274 2830 1421 2919 apostolo

169 2939 291 2993 eatam
301 2922 334 2978 et
360 2913 455 2978 docet
483 2935 531 2994 ea,
561 2937 645 2999 qaae
674 2927 751 2979 sant
767 2916 906 3000 fractas
934 2919 1083 3000 spiritus,
1111 2920 1196 2981 sicat
1217 2927 1264 2982 eat
1285 2919 1422 2998 caritas,

300 2999 473 3082 gaudiam,
492 3020 577 3081 parc,
592 2997 839 3084 longanimitas,
855 3001 994 3082 bonitas,
1009 3001 1205 3088 benignitas,
1212 3001 1311 3084 fides,
1325 3024 1421 3066 maa·

168 3099 259 3152 rnna,
268 3100 289 3142 s.
300 3080 436 3144 suetudo
459 3090 489 3143 et
504 3090 610 3145 cetera
625 3105 838 3168 quaecunque
852 3086 994 3168 pudica,
1018 3108 1230 3172 quaecunque
1253 3085 1423 3152 amabilia.

300 3163 466 3249 Naaqaiol
498 3163 655 3250 colligant
687 3166 726 3230 cle
754 3170 864 3252 apicio
890 3191 974 3233 acas
1002 3180 1061 3233 out
1088 3171 1127 3234 de
1157 3168 1287 3235 tribalis
1307 3168 1422 3251 ficas?

139 3269 219 3312 nstin.
229 3269 249 3321 r,
257 3269 291 3314 rs.
301 3247 381 3346 dicit
392 3246 571 3394 ‘Dominup
615 3248 660 3312 Hi
685 3259 760 3348 sunt
784 3251 917 3331 fructus,
945 3273 964 3314 a
987 3253 1103 3339 quibus
1125 3255 1266 3352 spiritus·
1278 3251 1422 3352 maligni,

300 3353 452 3480 hillis
460 3333 1423 3507 1)ξὲἓωίἳὲἳέἓῖῑοξίἓὲῑῖἓῗέεῑζὲθὲἑὺιὶῗίἰθξῐῖὴέἓὲἒξ

301 3501 358 3585 qui
375 3498 438 3564 sibi
448 3500 577 3565 incaute
587 3503 791 3587 appropiant,
802 3503 896 3568 foede
906 3503 1077 3570 lacerando
1090 3507 1324 3588 contaminant3
1340 3507 1424 3570 sicut

301 3591 433 3647 econtra
453 3605 512 3668 per
526 3585 734 3668 fragrantiam
751 3609 888 3651 uvarum
910 3588 1111 3676 ficorumque
1129 3589 1333 3654 dulcedinem
1347 3597 1422 3675 apte

300 3665 481 3751 figurantur
494 3666 616 3732 fructus
632 3669 800 3752 bonorum,
816 3672 872 3758 qui
887 3673 1049 3757 pertinent
1061 3673 1103 3738 ad
1118 3673 1236 3754 Deum,
1256 3674 1312 3759 qui
1326 3695 1422 3738 sanc-

145 3760 349 3829 num.1o,o.tos
365 3749 549 3836 applicabit
563 3754 635 3834 sibi,
657 3764 687 3818 ct
721 3779 781 3820 uos
795 3757 927 3843 elegerit
943 3758 1262 3844 appropinquabant
1277 3759 1316 3824 ei.
1346 3756 1422 3838 Sed,

301 3835 385 3899 sicut
411 3835 523 3900 scribit
544 3846 672 3902 sanctus
695 3779 872 3925 dregorius
895 3841 936 3905 ad
959 3842 1180 3928 supradictum
1203 3840 1423 3907 Secundinum

301 3941 431 3985 servum
447 3919 511 3984 Dei
525 3919 682 3986 inclusum
692 3932 719 3986 ³:
738 3939 862 3992 Pervcrai
875 3941 1000 4004 homines,
1020 3942 1068 4008 qai
1085 3939 1289 3994 ecclesiasticam
1304 3937 1423 4006 discipli·

300 4027 364 4062 nom
380 4009 505 4078 sapiunt,
531 4010 565 4062 de
588 4011 645 4062 suia
670 4013 772 4064 actibus
796 4014 955 4080 reprebendi
968 4015 1158 4081 pertimescunt
1182 4023 1206 4067 ct
1224 4031 1272 4066 aas
1291 4013 1371 4080 quasi
1389 4013 1424 4066 dc

293 4084 352 4150 fida
370 4083 574 4150 reprehendant,
595 4101 676 4151 quam
694 4086 747 4152 ipsi
764 4085 893 4152 assaraci,
913 4095 937 4140 et
952 4089 1016 4140 dum
1034 4105 1119 4154 acque
1138 4088 1167 4139 in
1178 4089 1237 4155 fide
1255 4087 1320 4140 recti
1337 4102 1424 4152 acqua

303 4195 332 4260 1)
350 4195 445 4247 Victor
462 4195 517 4247 111.
538 4195 604 4247 obiit
629 4213 654 4249 a.
675 4197 754 4251 1087.
829 4200 857 4261 2)
877 4198 966 4250 Rufin.
986 4198 1048 4249 hist.
1069 4197 1137 4249 eccl.
1157 4198 1180 4258 1,
1196 4199 1238 4248 13.
1308 4196 1336 4263 3)
1356 4197 1423 4248 Gre-

301 4269 371 4332 gorii
389 4268 504 4335 Epistul.
524 4269 574 4334 IX,
596 4268 657 4322 147.
