3116 4822
485 1254 924 1337 PRAEFATIO.

217 1432 378 1518 Eueunte
394 1475 484 1518 anno
499 1454 589 1519 1519.
616 1454 747 1521 Ulricus
760 1457 921 1521 Hnttenus
936 1457 972 1521 in
988 1455 1178 1523 bibliotheca
1189 1459 1268 1523 Ful-

143 1545 238 1609 ‹lensi
258 1541 378 1606 librum
397 1541 560 1625 quendam
575 1545 838 1627 manuscriptum
852 1545 1008 1627 repperit,
1024 1553 1126 1628 qsecm,
1145 1552 1181 1607 ut
1194 1555 1267 1608 erat

139 1625 334 1711 pulveribus
349 1625 470 1689 obsitus
485 1634 514 1687 et
528 1628 753 1690 uetustissimis
768 1627 1014 1691 characteribus
1029 1629 1266 1712 conscriptum,

146 1721 222 1776 ante
243 1709 360 1774 multos
383 1731 490 1774 annos
513 1711 575 1773 buc
597 1710 741 1776 delatum
762 1721 791 1775 ct
812 1711 953 1776 Henrici
974 1710 1033 1776 IV.
1055 1713 1267 1797 imperatoris

145 1804 250 1861 aetate
279 1803 424 1858 eaorturn
456 1815 532 1874 esse,
562 1792 705 1859 celeriter
736 1797 897 1880 coquooit.
944 1793 1015 1868 Quo
1048 1794 1130 1860 libro
1158 1795 1265 1880 paulo

145 1879 522 1944 accuratius'Huttenus
539 1877 682 1962 perlecto
704 1901 777 1943 curn
788 1877 897 1961 facile
918 1876 1136 1960 intelleaisset,
1159 1883 1265 1964 scrip-

143 1974 211 2028 turn
226 1984 309 2026 'esse
341 1985 414 2025 euru
436 1985 501 2046 pro
525 1961 668 2027 Henrico
691 1963 715 2025 I
719 1962 749 2027 V.
779 1971 808 2025 et
835 1971 951 2027 contra
974 1961 1172 2047 Greqoriurn
1195 1965 1265 2032 VII.

139 2071 281 2196 papum,
313 2068 434 2110 sumno
467 2047 594 2130 qauclio
628 2045 762 2131 affectus
797 2046 973 2130 epistulam
1006 2047 1095 2110 misit
1131 2047 1170 2111 oe
1206 2049 1265 2112 boc

144 2155 187 2197 no
209 2131 248 2196 ili
268 2133 399 2195 invento
423 2130 468 2193 acl
489 2130 664 2195 Ecbanunc
679 2131 820 2194 Hessuru
828 2141 849 2194 ².
886 2129 947 2194 Ille
969 2139 1077 2194 autern
1098 2129 1179 2194 liber
1194 2135 1266 2196 sine

144 2216 248 2297 titulo,
277 2217 346 2279 sine
364 2213 578 2299 praqfutionc
606 2224 645 2295 et,
670 2215 708 2278 id
736 2214 825 2300 quod
850 2217 991 2280 necuim
1016 2213 1171 2296 dolemus,
1193 2218 1266 2280 sine

136 2301 209 2384 fine
232 2308 312 2380 erat,
336 2300 431 2362 cuius
452 2300 490 2362 in
503 2297 621 2382 fronte
643 2320 746 2382 nequo
769 2299 851 2384 quid
871 2301 1048 2364 contineret
1070 2321 1110 2362 ne
1133 2323 1175 2363 ue
1201 2322 1266 2384 quo

144 2394 277 2449 auctore
293 2383 498 2482 conscriptus
512 2391 600 2463 esset,
623 2381 726 2447 ullum
740 2383 902 2448 inolicium
918 2393 998 2447 orat.
1027 2321 1266 2465 Nihilominus,

144 2491 216 2533 can
238 2467 333 2532 multi
356 2465 418 2531 alic
439 2465 518 2531 libri
539 2476 655 2530 contra
672 2465 870 2552 Greqoriurn
882 2466 949 2530 VII.
973 2468 1090 2551 scripti
1111 2490 1132 2531 a
1151 2490 1267 2532 mona·

143 2554 214 2617 obis
235 2550 507 2618 Cluniacensibus
529 2550 715 2615 delerentur
739 2561 768 2613 et
789 2549 840 2614 illi
860 2553 930 2636 ipsi
951 2552 1107 2636 ‘quiaque
1129 2551 1207 2616 libri
1228 2553 1268 2617 cle

144 2641 214 2702 aito
228 2636 400 2700 Henriclti'
420 2635 459 2698 ab
479 2635 620 2698 Hutteno
642 2635 786 2698 inuenti³
808 2635 989 2716 interirent,
1013 2636 1102 2720 quod
1123 2637 1267 2702 secundo

144 2744 226 2786 casu
238 2720 403 2804 fortunae
425 2720 478 2783 bic
495 2720 707 2802 potissimum
734 2717 816 2782 liber
838 2718 931 2782 nobis
952 2729 1100 2782 servatus
1122 2729 1176 2801 est,
1206 2743 1267 2785 nos

144 2807 286 2869 maxime
307 2803 499 2888 pandemus.
534 2801 601 2876 Qui
621 2799 702 2866 liber
716 2811 827 2866 utrum
850 2802 891 2865 ab
913 2811 1045 2866 auctore
1065 2803 1139 2886 ipso
1161 2806 1268 2950 scrip·

144 2898 197 2953 tus
216 2888 327 2973 fuerit
357 2910 402 2951 an
424 2885 593 2971 eaemplar
604 2888 716 2971 suerit
737 2887 947 2970 descriptum,
971 2886 1104 2950 dubium
1127 2897 1182 2950 est.
1245 2889 1268 2952 cl

58 3035 62 3042 ,
146 2983 254 3037 autem
282 2971 457 3036 verisimile
485 2981 539 3052 est,
573 2993 642 3035 euru
668 2967 774 3056 poulo
798 2979 977 3056 postquam
1001 2973 1039 3034 in
1066 2970 1169 3035 lucem
1197 2971 1266 3037 ecli-

143 3066 196 3122 tus
232 3058 276 3120 sit
312 3055 352 3120 ab
390 3055 468 3120 aliis
500 3055 628 3120 clericis
664 3057 702 3118 in
740 3055 945 3138 euemplaria
975 3055 1164 3119 traductum
1200 3078 1268 3120 esse

144 3150 174 3205 et
205 3139 412 3224 eaemplaria
443 3141 480 3202 in
513 3139 632 3225 vulqus
664 3161 844 3203 emanasse.
898 3139 987 3202 Narn
1020 3161 1093 3203 curn
1125 3140 1269 3224 scriptor

143 3224 228 3289 libro
260 3247 319 3288 suo
353 3233 523 3308 puqnaret
554 3233 671 3287 contra
692 3245 825 3308 papan
856 3232 885 3285 et
913 3222 1089 3288 monachos
1121 3223 1267 3288 Hirsau·

144 3311 283 3396 pientes,
311 3309 498 3372 necessario
526 3309 563 3378 icl
588 3309 658 3371 eius
683 3306 846 3390 interfuit,
874 3315 910 3370 ut
932 3307 1059 3370 animos
1090 3305 1268 3372 Germano

143 3415 218 3457 runc
236 3402 266 3456 et
280 3414 403 3456 causae
424 3393 635 3475 imperatoris
656 3391 847 3455 conciliaret
868 3399 898 3452 et
918 3391 994 3455 odio
1010 3399 1126 3454 contro
1136 3413 1268 3475 papam

141 3477 338 3543 incenderet.
385 3472 479 3549 Quod
499 3476 580 3558 fieri
605 3497 672 3539 non
695 3477 806 3559 potuit
834 3475 903 3538 nisi
935 3497 1034 3560 quarn
1066 3477 1206 3540 monime
1239 3484 1269 3539 et

143 3583 243 3646 quarn
271 3559 434 3624 celerrime
465 3557 549 3624 libro
582 3559 726 3644 oselqato.
770 3559 861 3645 Erqo
894 3559 926 3622 si
954 3556 1036 3622 liber
1065 3581 1157 3642 quern
1187 3559 1269 3624 Hut·

142 3655 236 3710 tenus
268 3645 415 3730 reperit
447 3666 514 3708 non
548 3643 587 3707 ab
622 3652 753 3707 auctore
784 3645 857 3728 ipso
887 3645 1031 3728 scriptus
1064 3651 1151 3722 erat,
1186 3653 1268 3708 certe

142 3739 249 3795 tarnen
272 3753 291 3793 o
342 3737 478 3792 eueunte
500 3727 630 3792 saeculo
652 3726 709 3791 XI.
732 3727 781 3791 vel
801 3729 934 3791 ineunte
955 3725 1085 3790 saeculo
1107 3725 1183 3790 XII.
1212 3727 1267 3792 clo-

142 3816 287 3899 scriptus
310 3823 389 3878 erat.
427 3812 499 3876 Iarn
514 3833 590 3876 uero
612 3813 651 3876 cle
667 3834 733 3898 qua
748 3834 789 3893 re
805 3813 842 3876 in
864 3833 899 3876 eo
923 3819 1056 3896 uqatur,
1080 3810 1268 3876 Huttenus⁴

143 3898 215 3983 ipse
243 3898 296 3962 bis
324 3897 430 3960 verbis
459 3896 566 3960 docet:
596 3897 667 3960 ‘Est
688 3897 774 3960 enirn
805 3896 844 3960 cle
867 3895 992 3960 unitate
1014 3893 1167 3959 ecclesiae
1189 3917 1266 3960 con·

142 3982 320 4062 seruanda,
343 3981 382 4044 cle
397 3978 507 4064 officio
529 3981 608 4044 boni
616 3983 777 4065 pastoris,
801 3980 840 4044 oe
856 3979 1053 4045 authoritate
1067 3977 1268 4044 sacerdotali

142 4075 172 4130 et
192 4067 325 4150 imperii
339 4066 484 4130 Romani
499 4065 662 4151 ‹liquitate
684 4065 908 4148 conscriptus;
930 4073 998 4127 turn
1019 4063 1162 4127 scbisrna
1184 4062 1266 4126 dote·

147 4257 173 4320 1)
193 4255 327 4308 Praefatio
341 4255 455 4308 Hutteni
473 4272 500 4322 p.
513 4254 539 4306 2.
596 4254 624 4318 2)
644 4252 778 4319 Bbcking‚
799 4255 889 4321 Opera
901 4251 988 4304 Ulrici
1001 4251 1114 4302 Hutteni
1129 4251 1152 4313 1,
1162 4268 1188 4319 p.
1203 4252 1269 4304 ³13.

146 4330 174 4392 3)
194 4330 331 4382 Praefatio
350 4347 376 4397 p.
396 4330 422 4380 9.
496 4328 526 4396 4)
546 4327 651 4380 Ibidem
671 4345 697 4394 p.
718 4328 743 4378 2.
