3098 4818
424 316 545 367 BRUNO
564 317 614 366 DE
632 316 752 367 BELLO
772 317 959 368 SAXONICO.
1220 319 1253 370 ts

130 482 302 568 manifeste
333 483 553 549 inobedientes
586 494 678 565 sunt,
713 495 742 548 et
775 508 845 549 una
872 509 944 549 cum
973 507 1032 550 suo
1060 487 1168 569 capite
1190 506 1329 570 person.

131 567 274 653 lepatum
303 568 516 651 apostolicum
546 569 586 632 ab
614 569 748 633 ccclesia
775 579 893 633 sancta
915 571 1065 654 separati
1085 580 1178 650 sunt,
1208 572 1254 635 ad

131 651 217 716 banc
247 652 351 716 sedem
372 654 551 733 uenientes,
581 653 717 738 benique
738 654 982 737 suscipiuntur,
1012 663 1041 716 et
1062 676 1128 718 non
1151 655 1253 718 solum

130 737 281 818 impuniti
301 737 452 816 redeunt,
478 737 536 801 sed
556 737 695 820 insuper
714 736 825 822 ploria
852 747 880 800 et
903 738 1022 802 bonore
1043 748 1253 820 coronantur,

130 829 159 881 et
174 820 220 884 ad
231 822 378 903 priorem
388 822 641 886 inobedientiam
655 821 890 904 *superbiendo
905 831 1105 902 reuertentes,
1124 832 1254 887 nostrae
1264 833 1306 889 *n
1323 839 1377 882 sm

131 905 283 968 miseriae
297 904 469 968 insultant.
505 905 611 969 Nobis
627 915 733 969 autem
748 907 846 991 quasi
860 904 1012 970 ridiculis
1028 906 1074 969 ad
1094 907 1254 990 insipien·

131 989 213 1054 tiam
234 997 424 1071 reputatur,
448 990 535 1075 quod
557 989 597 1053 ab
618 988 751 1054 illorum
772 991 934 1054 consortio
957 989 1170 1072 abstinemus,
1197 991 1254 1076 qui

133 1072 267 1156 abipso
291 1073 398 1156 capite
421 1083 531 1137 nostro
553 1082 620 1136 tam
642 1075 814 1137 caritative
835 1075 873 1137 in
896 1075 1149 1138 communionem
1173 1075 1253 1138 reci-

126 1159 282 1240 piuntur.
319 1155 453 1221 Accedit
474 1166 503 1221 et
517 1157 577 1222 boc
593 1158 639 1221 ad
656 1156 819 1222 cumulum
834 1159 939 1221 nostri
952 1157 1143 1242 infortunii,
1166 1159 1253 1243 quod

129 1250 264 1325 praeter
284 1239 344 1304 illa
360 1263 444 1326 quac
459 1264 519 1305 nos
533 1243 604 1326 ipsi
617 1241 846 1325 delinquimus,
869 1243 967 1304 etiam
986 1243 1253 1306 aduersariorum

132 1325 233 1409 culpa
248 1327 285 1388 in
300 1325 394 1389 nobis
410 1327 553 1407 cuditur,
576 1325 652 1389 dum
668 1335 799 1389 nostrae
818 1323 1036 1411 neplipentiae
1052 1326 1252 1407 attribuitur,

132 1409 219 1492 quod
239 1410 373 1473 idoneos
394 1418 423 1473 et
434 1409 627 1495 frequentes
649 1409 773 1492 lepatos
796 1409 858 1472 bric
881 1432 947 1473 non
968 1412 1133 1478 mittimus.
1165 1409 1253 1474 Luce

132 1493 217 1558 enim
247 1492 373 1556 clarius
399 1503 508 1577 patet,
538 1493 626 1578 quod
655 1493 706 1556 illi
728 1494 786 1557 boc
807 1491 889 1574 fieri
909 1493 1105 1577 probibent,
1134 1495 1192 1578 qui
1213 1515 1253 1576 ne

125 1577 353 1661 prohiberent,
375 1577 596 1641 iureiurando
618 1577 708 1641 uobis
732 1579 967 1661 promiserunt.
1018 1578 1062 1640 Et
1097 1601 1185 1642 nunc
1214 1571 1253 1643 de

130 1661 273 1725 violenta
295 1664 386 1725 socri
406 1663 538 1725 itineris
559 1661 790 1726 interclusione
815 1670 844 1724 et
865 1662 904 1725 dc
925 1663 1098 1746 manifesto
1120 1659 1253 1728 illorum

126 1747 279 1829 periurio
314 1744 444 1825 siletur,
477 1754 505 1807 et
537 1745 630 1809 nobis
664 1747 863 1828 imputatur,
896 1744 983 1830 quod
1019 1747 1153 1810 nuntios
1186 1769 1252 1810 nou

130 1830 296 1893 mittimus.
341 1827 488 1909 Scimus,
514 1830 682 1892 carissime
704 1829 851 1908 domine,
879 1837 908 1890 et
929 1850 970 1891 eu
991 1829 1252 1897 consideratione

126 1914 265 1997 pietatis
278 1921 403 1976 nestrae
424 1935 606 1996 speramus,
628 1913 709 1995 quia
731 1912 811 1976 baec
833 1914 945 1976 omnia
966 1912 1054 1976 bona
1074 1914 1252 1978 intentione

131 2005 160 2061 et
182 1997 298 2081 aliqua
320 1996 432 2060 subtili
453 1995 682 2061 deliberatione
705 1997 824 2082 cyitis,
852 1995 909 2059 sed
936 2018 995 2060 nos
1024 1996 1168 2061 bomincs
1193 1998 1252 2060 im-

126 2083 231 2164 periti
251 2081 406 2145 occultam
427 2080 520 2145 illam
541 2081 819 2164 dispensationem
837 2087 1013 2165 penetrare
1039 2089 1127 2144 non⁰
1157 2080 1250 2164 suffl-

131 2166 257 2247 cientes,
271 2166 359 2250 quod
368 2164 540 2251 manifeste
551 2165 695 2229 uidimus
707 2174 736 2229 et
747 2164 947 2244 audivimus,
959 2164 998 2228 de
1008 2163 1070 2228 illa
1082 2166 1252 2251 utriusque

44 2329 49 2334 Ι
124 2252 240 2334 partis
265 2249 504 2334 confortatione
533 2257 562 2312 et
586 2271 697 2314 rerum
722 2249 908 2314 certarumb
935 2251 1061 2313 incerta
1091 2249 1251 2314 dilatione

132 2342 236 2398 ortum
266 2355 333 2398 esse
362 2343 391 2398 et
412 2335 541 2398 cottidie
567 2335 666 2415 oriri,
695 2333 785 2398 uobis
807 2333 1020 2418 exponimus:
1049 2334 1128 2397 baec
1157 2343 1251 2397 sunt⁰

131 2417 214 2481 bella
227 2420 384 2482 intestina
399 2427 428 2479 et
437 2417 518 2501 plus
533 2439 631 2502 accam
645 2418 768 2498 civilia,
786 2417 966 2481 homicidia
980 2418 1251 2500 innumerabilia,

130 2502 343 2581 vastationes,
379 2501 536 2567 incendia
572 2503 642 2566 sine
677 2500 865 2585 differentia
891 2501 1006 2565 domus
1033 2509 1062 2563 ct
1089 2503 1249 2584 ecclesiae,

131 2585 358 2670 oppressiones
380 2607 573 2670 pauperum
599 2583 889 2668 incomparabiles,
921 2606 1032 2647 rerum
1059 2585 1250 2650 ecclesiasti-

130 2691 245 2734 carum
259 2669 460 2753 direptiones
475 2668 587 2755 quales
608 2692 788 2754 numquam
809 2668 1000 2732 audiuimus
1022 2677 1081 2732 aut
1097 2670 1249 2750 uidimus,

129 2753 235 2840 lepum
257 2775 382 2853 quoquc
404 2753 597 2818 divinarum
619 2761 648 2816 et
672 2752 895 2816 saecularium
920 2750 1063 2836 defectus
1093 2755 1164 2816 sinc
1192 2775 1249 2838 spe

128 2839 354 2922 reparationis
358 2859 371 2919 ;
382 2847 544 2922 postremo
556 2838 593 2900 in
604 2837 815 2902 dimicatione
826 2837 967 2900 duorum
977 2858 1100 2921 repam,
1112 2859 1249 2922 quorum

129 2931 201 2987 uter
223 2946 262 2987 uc
292 2921 339 2985 ad
368 2923 527 2986 obtentum
556 2923 654 3006 repni
682 2943 772 3004 spem
801 2943 822 2983 a
850 2919 939 2984 uobis
969 2920 1122 3004 accipitfl,
1154 2930 1249 2986 tanta

123 2946 320 3092 prmlipatio
341 3007 521 3092 repalium,
552 3014 587 3068 ut
603 3005 744 3090 postbac
773 3026 864 3090 repes
889 3013 1080 3068 nostrarum
1126 3009 1249 3070 artium

129 3092 264 3175 rapinis
281 3091 395 3174 potius
418 3113 515 3176 quam
543 3088 713 3174 repalibus
735 3088 944 3154 sustentandi
964 3090 1039 3153 sint.
1084 3028 1175 3154 daec
1196 3091 1247 3154 in-

130 3174 297 3239 commoda
328 3183 387 3237 aut
412 3174 505 3238 nulla
533 3175 602 3238 iam
630 3183 734 3238 essent
765 3181 824 3236 aut
850 3173 982 3237 minora
1010 3175 1125 3255 multo,
1155 3175 1185 3238 si
1210 3174 1248 3236 in

130 3261 258 3342 incepto
281 3259 397 3325 itinere
412 3280 512 3344 neque
528 3258 573 3322 ad
588 3259 754 3323 deuterum
769 3279 827 3322 ncc
844 3257 890 3321 ad
904 3258 1075 3322 sinistram
1090 3259 1249 3322 sententia

129 3352 237 3407 uestra
252 3342 442 3406 divertisset.
475 3341 628 3408 Arduum
641 3343 704 3406 iter
711 3350 852 3427 propter
866 3341 966 3404 zelum
981 3341 1096 3406 domus
1111 3341 1250 3406 Domini

130 3437 325 3513 oppressus⁰
353 3427 446 3507 estis,
473 3428 510 3490 in
553 3448 595 3490 uo
615 3425 780 3512 propredi
807 3424 1007 3490 laboriosum
1028 3435 1088 3506 est,
1116 3425 1250 3510 reprcdi

131 3520 239 3574 autem
259 3510 476 3574 inbonestum.
556 3509 639 3591 olitc,
661 3509 864 3573 sanctissime
882 3517 990 3593 pater,
1013 3508 1111 3574 nolite
1132 3511 1170 3573 in
1191 3510 1249 3574 uia

130 3593 274 3677 deficere,
296 3603 325 3658 ct
339 3617 379 3658 ne
399 3592 536 3658 ulterius
551 3593 732 3742 differendo
754 3601 783 3658 et
803 3593 904 3656 utrim
926 3614 965 3656 uc
988 3593 1132 3658 cavendo
1154 3602 1249 3657 tanta

128 3678 219 3743 mala
248 3701 387 3743 crescere
416 3687 446 3742 et
470 3677 586 3763 multip
600 3680 689 3743 icari
716 3678 846 3741 sinatis.
890 3614 931 3740 sii
956 3699 1058 3763 praue
1087 3677 1177 3743 uobis
1202 3686 1248 3742 est

124 3785 191 3849 pro
205 3761 274 3828 illis
289 3763 387 3827 verba
393 3761 512 3846 facere
524 3763 581 3848 qui
591 3785 656 3848 pro
668 3761 758 3827 uobis
768 3763 869 3825 uitam
879 3761 916 3824 in
928 3784 1049 3848 mapno
1061 3762 1249 3827 discrimine

125 3856 326 3932 posuerunt,
356 3844 507 3911 ecclesiae
535 3855 643 3910 tamen
665 3847 780 3910 uestris
801 3845 997 3929 temporibus
1018 3845 1248 3910 miserabiliter

128 3933 309 3996 destructae
337 3940 365 3995 et
393 3931 549 3994 inaudita
576 3931 787 4017 oppressione
819 3931 857 3992 in
886 3932 1070 3994 servitutem
1096 3929 1248 3993 redactae

128 4017 317 4080 succurrite.
357 4014 460 4082 Cuius
474 4015 599 4098 apertis
621 4013 874 4078 destructoribus
896 4016 927 4078 si
942 4023 1059 4099 aperta
1070 4012 1188 4098 fronte
1209 4013 1247 4076 in

117 4099 247 4184 faciem
280 4100 429 4164 resistere
463 4107 604 4183 propter
635 4099 799 4162 instantia
824 4097 979 4181 pericula
1018 4106 1148 4162 carutium
1180 4118 1247 4161 non

126 4269 151 4382 ιζ
172 4271 227 4312 deest
250 4275 301 4371 li²
335 4271 360 4325 b)
382 4273 414 4313 isc
438 4272 465 4322 25
486 4275 616 4312 ceterarum
637 4273 657 4313 1.
724 4268 745 4321 c)
767 4270 812 4310 hoc
832 4273 867 4310 cst
888 4270 908 4312 2.
975 4269 999 4322 d)
1016 4270 1047 4309 tta
1068 4271 1094 4320 ²3
1114 4271 1204 4319 accepit
1227 4271 1248 4312 1.

127 4341 139 4372 s
166 4338 261 4378 egerens
303 4362 308 4373 .
