3098 4818
430 389 552 441 BRUNO
571 390 621 440 DE
640 390 760 440 BELLO
780 388 968 441 SAXONIOO.
1203 444 1207 451 ,
1228 391 1263 441 99
1356 449 1358 454 ,

1288 475 1309 521 0

141 555 312 622 nobiscum
326 557 455 621 iudiciis
470 566 589 642 ageret,
611 565 644 620 et
662 535 722 620 dos
735 569 880 622 vestrum
901 579 960 643 per
981 559 1090 622 omnia
1111 556 1265 622 iudicium
1276 573 1343 617 1⁰81.

143 650 308 706 secuturos
341 642 448 705 auimo
480 640 591 706 libenti
624 640 867 725 spopondimus.
915 641 1004 722 Quid
1035 640 1085 706 his
1118 641 1266 706 omnibus

141 726 381 824 profecerimus,
402 747 460 789 vos
482 725 571 810 ipsos
592 724 626 788 in
646 725 864 789 testimonium
879 746 1044 792 vocamus.
1087 725 1176 813 Ergo
1196 747 1266 810 nos,

1278 633 1339 676 Febr.

143 831 199 896 qu1
220 831 306 874 nunc
327 809 491 889 adsumus,
515 830 588 872 cum
611 805 759 872 omnibus
782 830 863 894 quos
877 817 966 874 tenet
980 809 1141 874 Saxonica
1161 809 1265 890 tellus,

142 893 247 975 vobis,
271 915 288 958 o
305 893 498 956 sanctissimi
515 891 635 956 Christi
658 892 850 974 sacerdotes,
872 902 904 956 et
917 894 1020 975 vobis,
1042 893 1266 959 onobilissimi

142 979 306 1064 principes
328 988 360 1041 et
381 977 547 1041 fortissimi
569 975 696 1058 milites,
717 975 879 1041 humiliter
894 976 1122 1064 supplicamus,
1144 988 1181 1042 ut
1201 1001 1260 1042 me·

142 1083 248 1126 mores
270 1061 497 1145 omnipotentis
518 1060 583 1124 Dei
604 1061 765 1146 vestrique
787 1061 895 1143 officii,
916 1084 986 1144 vos,
1009 1062 1094 1148 quod
1110 1063 1186 1127 estis
1200 1062 1266 1126 ani-

143 1167 267 1209 marum
306 1156 451 1230 pastores
490 1167 555 1209 non
592 1143 770 1230 perditores
807 1145 930 1228 vocati,
962 1166 1020 1210 vos
1052 1168 1146 1228 vero,
1179 1144 1266 1231 quod

142 1228 306 1315 gladium*
328 1227 371 1292 ad
393 1227 612 1292 defensionem
633 1248 698 1291 non
719 1228 761 1292 ad
775 1229 1019 1293 internicionem
1034 1231 1206 1317 accepistis
1220 1231 1372 1303 instares.

143 1322 325 1394 nocentum,
348 1314 506 1398 cogitetis,
528 1322 560 1377 et
580 1333 639 1376 nos
654 1322 778 1377 vestros
799 1313 913 1378 fratres
935 1314 969 1378 in
984 1313 1123 1396 Christo,
1144 1323 1267 1379 vestros

143 1398 352 1482 cognatos-in
374 1418 480 1477 carne,
500 1395 591 1460 «ferro
619 1404 651 1460 et
671 1395 802 1462 flamma
822 1396 960 1483 amplius
980 1399 1130 1486 persequi
1150 1421 1191 1462 ne
1212 1421 1266 1463 ve·

142 1481 216 1546 litis.
260 1480 357 1561 Quod
383 1481 539 1545 hactenus
566 1478 784 1544 molestiarum
811 1502 831 1543 a
851 1481 945 1546 vobis
972 1483 1118 1568 perpessi
1147 1505 1266 1564 sumus,

141 1564 234 1630 vobis
255 1564 411 1630 donantes
432 1566 573 1650 peccatis
595 1565 713 1628 nostris
734 1565 965 1650 imputabimus
987 1575 1020 1632 et
1033 1567 1267 1652 correptionem

142 1649 269 1713 divinae
299 1649 428 1734 pietatis
455 1646 707 1733 appellabimus,
743 1649 820 1712 dum
849 1649 983 1734 posthac
1009 1651 1198 1716 iniuriarum
1227 1650 1267 1714 de

141 1733 234 1797 vobis
257 1733 360 1796 securi
382 1753 452 1796 esse
473 1733 644 1816 possimus.
688 1730 841 1796 Gladium
863 1743 895 1797 et
915 1734 1023 1818 ignem
1046 1734 1208 1820 deponite,
1235 1741 1287 1799 et'

37 1845 40 1852 ’
73 1889 77 1899 Ι
142 1817 226 1881 sicut
246 1816 339 1880 decet
359 1815 504 1879 homines
520 1815 709 1878 christianos
724 1837 798 1879 curn
813 1814 1005 1899 christianis,
1028 1839 1157 1882 causam
1171 1819 1267 1882 ratio-

142 1899 238 1965 nibus
265 1921 328 1963 non
351 1898 503 1965 caedibus
529 1920 547 1962 a
572 1900 629 1981 ite;
659 1909 691 1964 et
713 1899 801 1985 quod
827 1909 901 1964 ante
929 1901 1050 1964 cruoris
1079 1902 1266 1966 effusionem

167 1983 386 2066 ostulavimus,
408 2005 495 2047 nunc
517 1921 630 2047 saltem
645 1982 699 2047 vel
720 2005 834 2048 cruore
848 1993 958 2048 nostm
974 1985 1080 2049 satiati
1118 1995 1266 2050 raestate.

142 2007 260 2133 llultas
294 2067 424 2154 quidem
457 2067 550 2133 nobis
582 2088 751 2132 aerumnas
784 2067 932 2132 dominus
961 2077 1066 2132 vester
1094 2007 1266 2133 ileinricus

31 2133 33 2140 ’
63 2145 65 2148 ’
143 2151 315 2216 crudeliter
336 2151 452 2233 intulit,
474 2151 583 2215 multis
605 2150 841 2216 calamitatibus
863 2174 921 2216 nos
942 2149 1025 2216 ultra
1046 2153 1178 2216 modum
1196 2153 1266 2216 fati-

141 2237 240 2322 gavit,
270 2248 302 2300 et
329 2245 437 2300 tamen
458 2257 534 2300 ecce
555 2237 659 2321 parati
681 2258 792 2300 sumus
822 2257 894 2300 eum
916 2235 1009 2300 nobis
1036 2258 1154 2322 regem,
1183 2239 1267 2301 sicut

143 2318 218 2384 olim
239 2320 309 2400 fuit,
331 2321 491 2404 accipere,
514 2341 589 2385 ecce
611 2321 715 2404 parati
737 2341 858 2402 sumus,
881 2322 910 2384 ei
933 2318 1119 2385 fidelitatem
1140 2329 1172 2385 et
1192 2319 1265 2385 sub-

141 2404 311 2468 iectionem
333 2404 438 2467 iurare
461 2414 492 2468 et
513 2404 650 2467 iuratam
664 2403 801 2468 fideliter
822 2415 854 2468 et
874 2403 1011 2470 libenter
1032 2427 1174 2470 servare:
1197 2415 1264 2469 tan·

141 2497 209 2552 tum
231 2509 289 2552 vos
311 2486 373 2551 hoc
388 2489 472 2552 veris
494 2487 723 2552 assertionibus
745 2489 886 2569 astruite,
908 2498 945 2553 ut
964 2509 1023 2552 nos
1045 2488 1133 2553 salvo
1153 2487 1264 2553 ordine

141 2581 264 2654 nostro,
299 2579 331 2634 et
356 2569 431 2634 laici
458 2571 581 2656 possint
607 2570 714 2636 lacere
742 2571 803 2635 hoc
830 2572 898 2636 sine
926 2571 1002 2636 fidei
1031 2593 1141 2636 sacrae
1170 2572 1265 2636 detri-

141 2664 266 2737 mento,
288 2675 348 2719 nec
368 2676 428 2718 nos
451 2653 492 2718 ab
507 2655 568 2719 isto
585 2675 699 2740 campo
718 2656 918 2737 recedemus,
941 2655 1045 2719 donec
1060 2657 1166 2720 omnia
1181 2677 1264 2742 quae

142 2738 212 2804 dixi
234 2736 509 2824 compleverimus.
554 2737 589 2803 Si
610 2761 686 2803 vero
708 2748 833 2803 nostras
856 2741 1029 2804 sententias
1054 2739 1177 2824 dignati
1198 2739 1265 2803 fue-

140 2824 210 2907 ritis
232 2821 405 2906 attendere,
427 2823 511 2886 veris
533 2830 565 2886 et
585 2823 763 2888 manifestis
790 2835 822 2888 et
849 2845 890 2888 ex
920 2824 1149 2908 scripturarum
1178 2823 1265 2888 testi-

140 2907 249 2972 monio
264 2906 364 2970 firmis
378 2906 556 2971 rationibus
571 2906 786 2990 ostendemus,
802 2907 890 2993 quod
904 2907 1058 2972 domnum
1072 2907 1265 2970 Heinricum

140 3013 200 3056 nec
223 2989 331 3055 clerici
351 3013 412 3054 nec
433 2989 506 3055 laici
527 3012 637 3075 regem
659 2990 778 3056 babere
824 3013 971 3055 ossumus
994 3013 1068 3055 cum
1084 2991 1265 3055 animarum

141 3085 323 3140 nostrarum
350 3074 462 3140 salute.
510 3074 605 3139 Nunc
632 3085 731 3161 erg0⁸
757 3014 821 3140 vei
836 3097 895 3140 vos
924 3074 1035 3158 uobis,
1065 3074 1153 3161 quod
1181 3077 1264 3140 iuste

141 3161 244 3243 possit
264 3181 299 3222 re
322 3180 410 3242 nare,
431 3157 642 3246 probabiliter
664 3159 841 3242 ostendite,
859 3169 892 3224 et
911 3181 970 3224 nos
992 3159 1051 3224 sub
1074 3160 1143 3225 eius
1163 3180 1263 3243 regno

8 3289 9 3312 ᾗ
93 3315 98 3324 ,
142 3243 247 3306 socios
276 3181 386 3307 fideles
413 3244 567 3329 accipite:
597 3242 648 3308 vel
673 3243 767 3308 nobis
795 3244 881 3329 quod
907 3243 997 3307 iureb
1032 3265 1167 3329 regnare
1199 3264 1265 3306 non

79 3327 83 3330 ’
141 3327 253 3412 possit,
276 3327 434 3390 veraciter
454 3325 591 3411 probare
613 3328 831 3414 permittentes
839 3339 862 3410 ⁰,
884 3325 988 3408 nobis,
1010 3328 1109 3390 immo
1127 3327 1264 3406 veritati,

142 3432 336 3476 consensum
357 3411 496 3474 amicum
518 3409 680 3496 praebete,
701 3412 844 3497 nosque(l
864 3420 900 3475 ut
920 3410 1028 3474 hostes
1046 3411 1196 3496 persequi
1211 3409 1265 3474 de-

142 3495 247 3560 sinite.
291 3493 387 3574 Quod
409 3494 436 3558 si
458 3492 593 3577 obicitis,
616 3505 815 3558 sacramento
831 3494 918 3580 quod
932 3495 962 3559 ei
976 3495 1104 3558 iurastis
1118 3515 1176 3558 vos
1195 3515 1265 3558 esse

142 3577 341 3658 constrictos,
364 3576 461 3642 simili
474 3577 571 3642 modo
587 3577 859 3659 confirmabimus,
878 3576 966 3642 nullo
981 3587 1179 3642 sacramento
1194 3579 1265 3642 iure

141 3683 200 3725 vos
222 3659 263 3724 ad
284 3671 427 3725 nostram
448 3663 704 3747 persecutionem
730 3683 825 3748 posse
848 3683 919 3726 com
944 3660 1006 3725 elli.
1049 3662 1140 3726 Haec
1166 3662 1267 3808 igitur

141 3757 191 3812 est
212 3766 338 3809 summa
359 3755 487 3810 nostrae
508 3747 679 3831 petitionis,
702 3757 738 3810 ut
759 3746 913 3810 domnum
962 3746 1116 3810 einricum
1138 3767 1177 3810 ve
1205 3767 1265 3809 vos

141 3831 212 3896 iure
226 3850 321 3915 posse
336 3850 471 3913 regnare
484 3828 578 3894 nobis
593 3827 805 3916 probabiliter
820 3830 1003 3911 ostendatis,
1020 3830 1071 3895 vel
1085 3851 1144 3894 nos
1158 3828 1264 3910 vobis,

141 3936 216 3979 eum
236 3935 303 3977 non
324 3935 430 3998 posse,
451 3914 610 3978 veraciter
630 3913 803 3978 ostendere.
819 3915 945 3996 sinatis3
969 3925 1000 3978 et
1015 3935 1089 3977 cum
1103 3935 1154 3978 res
1168 3912 1262 3977 alter-

141 4007 214 4063 utra
233 3996 329 4062 fuerit
342 3996 588 4078 demonstrate0,
610 4019 669 4062 nos
685 3999 754 4083 igni
767 3997 917 4083 ferroque
931 3998 1082 4084 persequi
1097 3995 1264 4062 cessetisf'.

228 4081 296 4146 128.
341 4080 433 4144 Tunc
462 4079 508 4144 illi
528 4080 772 4168 responderunt,
801 4105 835 4146 se
864 4103 924 4147 nec
953 4081 995 4146 ad
1024 4102 1154 4145 causam
1182 4089 1264 4143 trac-

142 4276 165 4327 ι)
179 4279 228 4318 tine
243 4281 289 4320 alta
303 4291 382 4320 manus
396 4281 465 4331 percit
482 4283 502 4322 1.
538 4294 542 4302 ·
591 4278 616 4332 b)
633 4293 655 4331 q.
671 4291 713 4322 rex
728 4291 780 4322 esse
795 4281 837 4322 ille
852 4292 900 4322 non
917 4277 951 4322 lb.
1044 4277 1065 4332 c)
1081 4279 1207 4331 permittite
1224 4273 1265 4327 1¹³3

143 4335 167 4388 d)
181 4342 205 4377 et
225 4348 267 4378 nos
286 4343 367 4380 contra
386 4341 501 4380 rationem
524 4343 549 4380 ut
570 4333 605 4381 lb.
644 4339 672 4380 Ia
694 4342 714 4382 Ι,
730 4341 780 4381 tuce
801 4341 886 4380 treviae
900 4341 971 4382 relato
989 4344 1047 4382 caat.
1137 4331 1265 4390 e)ua1b;

142 4399 237 4436 ostensa
253 4399 273 4438 1.
332 4398 352 4450 f)
372 4399 405 4438 ita
421 4394 455 4438 1¹³.
472 4400 497 4450 ²3
514 4399 627 4440 desinetis
644 4401 664 4441 l.

986 4469 1030 4532 7*
