3098 4818
423 340 545 395 BRUNO
564 342 615 392 DE
634 340 756 391 BELLO
776 340 968 393 SAXONIOO.
1217 339 1250 389 61

133 509 231 596 periit
244 511 279 572 in
293 508 456 574 secretiori
468 509 611 594 corporis
626 518 717 595 parte
732 507 894 594 perfossus
909 529 1005 573 saevo
1017 528 1179 590 mucrone,
1193 529 1253 573 nec
1264 524 1329 568 roro.

131 603 288 680 purgatus
307 591 421 657 ultima
438 592 648 674 confessione,
666 614 726 657 nec
738 593 879 658 munitus
896 592 1252 656 sacracommunione1.

220 678 269 742 79.
313 674 544 742 Godebaldus⁸
568 675 646 740 dum
669 698 833 762 equosuo
854 676 976 740 noviter
999 675 1116 740 ferrato
1137 675 1253 762 pedem

132 762 343 848 posteriorem
364 759 514 843 levaret,
530 769 567 824 ut
593 761 652 824 an*
684 769 759 846 apte
787 761 906 825 ferrum
936 769 1020 824 esset
1046 760 1364 845 impositumbnao-

128 845 337 930 perspiceret,
360 844 401 909 ab
423 845 495 930 ipso
517 843 601 930 pede
621 845 656 907 in
673 841 777 908 fronte
799 843 986 931 percutitur,
1008 854 1040 909 et
1062 844 1108 908 sic
1129 843 1171 908 ab
1193 843 1254 908 hac

132 929 199 994 vita
220 927 424 993 abstrahitur.

218 1013 269 1077 80.
313 1011 521 1076 Burchardus
536 1011 709 1076 Misnensis
730 1011 936 1097 praefectum,
959 1010 1036 1074 dum
1059 1011 1092 1075 in
1115 1009 1255 1097 quadam

133 1116 202 1176 sua,
232 1095 284 1159 cui
305 1105 463 1182 praeerat,
485 1095 565 1161 urbe
586 1095 628 1160 ab
650 1094 782 1160 urbanis
803 1094 974 1176 invaditur,
1001 1117 1084 1181 equo
1107 1096 1160 1159 cui
1181 1096 1255 1158 insi-

133 1176 232 1244 debat
245 1179 364 1244 frustra
378 1178 557 1244 calcaribus
572 1179 747 1260 vulnerato,
768 1179 802 1243 fu
827 1201 879 1244 ere
895 1178 1032 1260 molitur,
1055 1179 1132 1265 quia
1153 1200 1254 1278 equus

134 1283 231 1348 saepe
245 1263 335 1349 prius
350 1264 390 1329 de
401 1263 569 1329 velocitate
580 1263 739 1345 laudatus,
754 1202 860 1344 modo,
876 1284 950 1328 cum
960 1263 1100 1327 maxime
1112 1283 1255 1326 maxrmo

134 1367 231 1412 cursu
252 1369 333 1434 opus
355 1358 437 1430 erat,
465 1347 502 1412 fit
530 1348 748 1429 stationarius,
775 1348 867 1434 quasi
888 1347 1022 1412 diceret:
1055 1346 1165 1410 ‘Miehi
1189 1368 1256 1411 non

133 1429 209 1496 licet
229 1455 303 1496 eum
324 1453 411 1496 nunc
433 1454 453 1496 a
472 1430 565 1496 vobis
588 1433 722 1518 eripere,
745 1433 800 1518 qui
822 1430 900 1496 dum
922 1430 984 1495 sibi
1004 1429 1104 1512 licuit,
1125 1429 1256 1496 nolebat

134 1537 170 1580 se
192 1517 371 1602 corrigere!
413 1516 551 1582 Moritur
572 1537 648 1602 ergo
670 1537 745 1580 cum
773 1537 891 1601 magno
914 1517 1040 1580 animae
1067 1536 1144 1580 suae
1172 1514 1256 1600 peri-

134 1597 223 1698 culo,
253 1601 453 1746 ‘lni‘ilflaepe
480 1622 673 1672 consensum
700 1599 849 1685 praebuit
876 1598 1055 1684 periculoso
1077 1598 1256 1664 saevissimi

133 1705 169 1748 re
204 1705 330 1748 soonsr
343 1707 385 1748 ιο.

168 1705 271 1831 8181.
313 1766 521 1853 Liupoldus‘l,
550 1766 648 1831 frater
673 1764 839 1830 Bertholdi
867 1767 953 1852 regis
981 1766 1169 1849 consiliarii,
1200 1767 1257 1852 qui

134 1858 168 1914 et
188 1851 258 1948 ipse
281 1852 351 1916 eius
372 1849 573 1916 consiliarius
595 1858 677 1932 erat,
699 1849 777 1913 dum
798 1849 937 1935 quadam
959 1849 1012 1914 die
1033 1851 1125 1914 iuxta
1145 1871 1256 1935 regem

133 1944 292 2020 equitans,
314 1957 389 1998 oum
404 1956 442 2000 eo
458 1932 617 2021 quoslibet
631 1954 794 1998 sermones
808 1933 976 2014 conferret,
991 1933 1145 2018 accipiter
1160 1953 1257 2018 quem

70 2069 73 2074 .
136 2019 267 2083 sinistra
294 2018 457 2105 portabat,
487 2016 621 2084 volitare
649 2018 770 2104 coepit,
806 2018 900 2103 quasi
929 2026 1096 2103 capturam
1124 2024 1256 2102 peteret

133 2101 193 2167 Ille
215 2124 292 2167 vero
314 2113 387 2190 post
409 2125 504 2168 avem
525 2123 699 2189 parumper
720 2123 755 2166 se
776 2100 948 2185 inclinans,
976 2099 1018 2165 ab
1041 2122 1125 2188 equo
1147 2100 1256 2185 gravis

134 2185 263 2271 cecidit,
286 2199 319 2253 et
339 2210 447 2253 ensem
470 2209 535 2274 quo
557 2188 681 2252 cinctus
703 2195 811 2252 erate
833 2186 952 2271 vagina
971 2183 1112 2284 lapsum,
1140 2183 1256 2270 capulo

22 2342 25 2348 Δ
135 2280 239 2336 terrae
261 2271 386 2355 defixo,
408 2273 442 2336 in
487 2279 593 2336 ectore
615 2270 722 2336 medio
744 2272 883 2356 recepit,
914 2279 946 2335 et
967 2290 1022 2355 qur
1045 2291 1141 2355 saepe
1163 2269 1257 2355 pravi

136 2354 261 2419 consilii
283 2378 415 2420 consors
429 2293 485 2421 vel
497 2366 611 2422 auctor
631 2355 701 2436 fuit,
723 2355 791 2420 sine
806 2354 939 2420 consilio
955 2376 1013 2441 per
1037 2363 1130 2420 etuae
1146 2352 1257 2418 salutis

136 2439 178 2503 ab
192 2438 254 2502 hac
268 2440 335 2505 vita
348 2441 490 2506 recessit.
523 2439 586 2503 His
601 2461 642 2504 ex
665 2448 755 2525 parte
776 2439 931 2521 tractatis,
954 2375 1055 2503 mulla
1075 2437 1124 2501 his
1140 2436 1258 2502 similia

136 2524 342 2607 praeteriens,
357 2523 399 2588 ad
413 2525 474 2588 iter
487 2524 651 2608 inceptum
665 2520 738 2588 volo
753 2524 878 2604 reverti,
894 2521 982 2609 quod
996 2543 1062 2586 non
1076 2520 1255 2586 aberrando

136 2604 194 2670 sed
215 2629 230 2670 s
255 2618 328 2672 onte
350 2607 508 2672 deviando
531 2606 668 2672 deserui.

222 2629 272 2757 dd.
314 2691 419 2776 Igitur
440 2701 604 2790 comperta
624 2689 782 2776 legatione
803 2689 964 2789 pontificis
985 2697 1018 2752 et
1038 2688 1256 2752 excommuni-

137 2775 264 2840 catione
293 2775 362 2840 sive
389 2775 590 2863 depositione
611 2774 757 2838 Heinrici
785 2795 887 2922 repis,
917 2772 1105 2871 omnesqui
1130 2780 1256 2836 nostros
1313 2775 1318 2786 ‘

136 2859 283 2944 captivos
304 2859 480 2942 habebant,
507 2860 583 2958 quia
603 2856 725 2922 nullam
746 2879 811 2942 apu
857 2878 969 2942 regem
995 2855 1257 2938 mrsericordiam,

137 2943 215 3007 dum
236 2955 400 3027 rexerat,
429 2946 572 3008 invenire
599 2949 761 3030 poterant,
788 2951 820 3006 et
841 2942 871 3006 ei
893 2937 1012 3003 nullam
1041 2939 1155 3021 modo,
1184 2961 1258 3003 cum

137 3049 197 3092 rex
217 3049 282 3092 non
304 3038 402 3111 esset,
428 3027 526 3092 fidem
548 3025 599 3092 vel
620 3026 849 3091 subiectionem
873 3022 1048 3107 debebant,
1071 3045 1181 3089 omnes
1203 3045 1259 3088 eos

137 3111 172 3174 in
193 3113 333 3196 patriam
353 3113 463 3197 gratis,
486 3111 639 3177 Heinrico
661 3110 834 3192 nesciente,
857 3108 1057 3173 dimiserunt.

224 3196 275 3260 83.
319 3193 632 3264 Sed'Burehardusr
659 3193 933 3259 Halberstatensis
959 3193 1133 3292 episcopus
1163 3211 1260 3277 quam

138 3276 327 3344 mirabiliter
340 3302 360 3343 a
374 3278 550 3345 miserabili
564 3279 767 3345 damnatione
782 3279 824 3342 sit
837 3276 947 3342 divina
959 3285 1078 3362 pretate
1095 3274 1260 3356 liberatus,

139 3359 180 3426 ad
213 3362 278 3427 Dei
308 3361 436 3428 laudem
468 3371 500 3428 et
536 3363 579 3428 ad
611 3362 753 3427 omnium
785 3362 977 3426 miserorum
1009 3357 1260 3424 consolationem

138 3445 285 3511 referam.
327 3447 417 3512 Dum
439 3445 610 3512 Heinricus
637 3454 722 3511 esset
749 3447 841 3508 iuxta
867 3443 1055 3510 Danubium
1085 3455 1118 3508 et
1150 3463 1261 3507 secum

139 3529 272 3595 haberet
309 3532 426 3596 sororis
464 3552 541 3596 suae
579 3531 730 3594 maritum
764 3527 970 3594 Salomonem
978 3539 1000 3610 ²,
1038 3525 1184 3592 similiter
1218 3524 1260 3591 ab

140 3613 303 3699 Ungriae‘
339 3637 439 3699 regno
473 3612 660 3700 depulsum,
692 3613 769 3699 quia
803 3611 1003 3710 temporibus
1032 3609 1094 3674 illis
1129 3609 1261 3696 vigebat

140 3698 299 3784 depositio
327 3721 452 3784 regum;
480 3721 599 3785 genero
628 3719 687 3763 suo
715 3697 780 3761 iam
812 3695 955 3762 redituro
982 3696 1017 3760 in
1045 3695 1198 3781 patriam,
1226 3695 1261 3758 in

139 3862 163 3917 a)
178 3864 327 3908 Godobaldus
344 3866 365 3908 2.
417 3863 442 3916 b)
458 3866 585 3915 repositum
601 3867 623 3908 8.
676 3863 698 3916 o)
714 3865 838 3916 episeopus
853 3863 948 3905 effaetus
965 3865 985 3904 1.
1042 3861 1066 3915 d)
1079 3862 1260 3914 ntuppolduss.

140 3922 163 3976 e)
179 3925 256 3966 Bucco
272 3926 321 3966 slve
337 3924 485 3965 Burchardus
500 3925 522 3965 1.
583 3923 601 3975 t)
617 3925 649 3964 ita
665 3925 684 3964 1.
701 3925 721 3964 8.

143 4039 173 4108 1)
193 4043 287 4095 Ooaelo
312 4043 397 4096 dictas
419 4042 557 4108 pithoeus,
583 4060 609 4092 o.
631 4042 700 4092 106³
719 4039 871 4092 Matbildae
896 4039 1042 4092 wmdissoe
1065 4039 1190 4102 maritas,
1215 4035 1262 4104 qui

141 4115 169 4166 d.
190 4117 234 4168 27.
253 4116 317 4169 Feb.
337 4134 363 4169 α.
384 4115 455 4166 1076
474 4114 645 4181 Autwerpiae
668 4115 769 4166 occisae
794 4122 832 4166 eat
857 4114 918 4165 dolo
938 4121 968 4164 ut
988 4111 1135 4179 potabatur
1154 4109 1262 4162 Roberts'

141 4187 240 4240 combis
265 4189 451 4242 Flaadremis.
496 4189 532 4241 W.
607 4189 635 4254 2)
655 4187 761 4239 dolorm
790 4195 854 4238 tuac
878 4187 954 4253 apud
974 4183 1132 4238 Heinricum
1155 4182 1261 4235 omnino

140 4277 196 4311 aon
206 4261 274 4326 fuit,
293 4263 340 4314 red
355 4279 423 4315 uaor
436 4263 493 4315 eiua
505 4261 610 4314 nomine
629 4259 732 4313 Juditb.
765 4258 871 4326 Pupam
896 4259 965 4311 hooc
983 4257 1141 4309 Lombertas
1159 4273 1261 4323 quoquc

142 4334 275 4399 conavit,
294 4337 341 4388 aad
359 4337 439 4388 multo
459 4336 546 4389 aliter.
582 4335 620 4386 W.
