3098 4818
439 325 561 376 BRUNO
580 326 630 375 DE
650 325 770 377 BELLO
791 323 983 376 SAXONIOO.
1233 325 1269 376 85

151 494 264 558 cadem
291 495 440 558 iniuriae
474 495 560 558 ratio
587 492 678 578 fuit,
707 516 775 578 pro
803 493 991 578 defensione
1024 493 1174 558 ecclesiae
1206 493 1347 561 sibimu.

151 579 340 642 commissae
362 579 575 663 praedictum
601 579 726 659 uirum,
756 579 815 661 qui
838 579 1070 663 parochianus
1097 575 1191 641 illius
1212 587 1268 658 est,

150 663 293 727 tradidit
319 663 479 726 satbanae
507 663 544 725 iu
571 663 738 726 interitum
768 663 881 726 carnis
909 685 980 725 cum
1009 663 1173 726 uniuersis
1199 663 1269 726 suis

152 747 371 831 complicibus.
411 747 490 810 Item
517 746 655 810 domnus
677 747 784 830 episco
811 769 850 809 us
878 746 1154 830 Wirceburpensis
1171 767 1269 828 prae-

153 840 239 893 sente
266 839 294 894 et
324 839 518 914 cooperante
540 830 627 893 sedis
656 769 855 918 apostolicae
883 829 988 916 lepato
1018 830 1134 894 domno
1163 831 1268 892 Bern-

136 915 258 978 -bardo
283 937 389 978 omnes
410 914 485 983 illos
509 914 806 994 anathematizavit,
829 917 885 1000 qui
907 923 983 977 actu
1004 913 1053 977 vel
1075 912 1210 978 consilio
1232 915 1269 976 in

151 999 210 1061 boc
236 998 415 1082 culpabiles
443 1001 633 1078 extiterunt,
663 999 750 1084 quod
776 997 829 1061 ille
852 1021 872 1061 a
895 1020 957 1061 sua
986 998 1059 1062 sede
1081 997 1272 1082 prohibitus

151 1091 206 1145 est.
243 1081 345 1147 Cuius
362 1083 597 1166 prohibitionis
620 1091 734 1146 auctor
755 1105 822 1146 non
843 1086 987 1146 incertus
1008 1091 1071 1164 est;
1094 1083 1152 1166 qui
1173 1083 1271 1146 etiam

151 1167 190 1230 in
212 1167 354 1231 ciusdem
377 1167 463 1231 sedis
486 1167 631 1244 ciuitate,
660 1167 697 1228 in
720 1189 787 1250 qua
815 1189 919 1250 paene
945 1189 1035 1229 nemo
1058 1188 1124 1230 non
1146 1187 1268 1230 eoccom⁴

151 1254 340 1314 manicatus
356 1260 412 1331 est,
415 1249 685 1335 frequentissime
696 1259 853 1314 moratur.
877 1251 959 1314 Ecce
972 1251 1101 1314 audiuit
1111 1251 1271 1313 sanctitas

152 1344 277 1411 nestra,
325 1358 403 1398 uam
432 1334 542 1398 multis
567 1335 672 1398 modis
694 1336 747 1397 uir
767 1332 822 1397 ille
844 1358 917 1399 cum
937 1335 1008 1397 suis
1030 1334 1207 1398 damnatus
1228 1335 1272 1397 sit

152 1427 181 1482 et
202 1440 275 1482 uere
298 1358 522 1482 damnandus.
558 1418 727 1503 Ropamus
750 1440 828 1503 erpo
849 1440 986 1502 uesper
1007 1441 1122 1482 nomen
1145 1418 1272 1482 domiui

152 1504 258 1566 nostri
278 1503 353 1566 Iesu
377 1502 499 1568 Christi
521 1511 549 1565 et
564 1524 629 1585 per
650 1524 721 1566 eum
736 1505 831 1565 cuius
846 1504 946 1566 uicem
962 1503 1073 1588 apitis,
1095 1511 1131 1564 ut
1151 1504 1182 1564 si
1202 1504 1271 1565 iam

146 1585 292 1672 prolatis
318 1589 356 1651 iu
384 1588 508 1651 eosdem
536 1586 681 1650 bomines
706 1588 871 1650 sententiis
898 1586 1027 1672 aliquid
1049 1585 1270 1670 superaddere

151 1673 372 1735 necessarium
393 1693 459 1734 non
475 1672 622 1754 putatis,
645 1671 702 1734 boc
725 1679 832 1734 tamen
846 1670 1037 1751 firmissime
1056 1669 1270 1754 prohibeatis,

152 1777 193 1818 ue
221 1754 270 1817 uel
299 1755 336 1818 in
365 1755 427 1817 bac
460 1763 575 1817 sancta
608 1753 680 1818 sede
710 1752 758 1816 oel
787 1754 911 1818 alieubi
939 1754 986 1817 ad
1017 1756 1271 1818 communionem

151 1839 369 1922 recipiantur,
386 1840 587 1922 priusquam
602 1837 745 1900 ecclesiis
762 1859 845 1920 quas
866 1837 1032 1900 laeserunt
1046 1837 1270 1921 satisfaciant,

152 1945 193 1986 ne
214 1944 296 2008 pren
310 1923 399 1985 nobis
422 1922 609 1985 commissus
633 1920 774 2005 amplius
794 1920 834 1984 ab
858 1923 904 1984 eis
924 1924 1161 1986 contaminetur
1182 1930 1211 1983 et
1231 1942 1270 1983 ne

146 2009 327 2091 pessimum
349 2004 434 2070 illud
444 2004 647 2089 fermentum
668 2013 767 2069 totam
788 2027 931 2068 massam
953 2014 1152 2088 corrumpat.

244 2090 314 2154 113.
369 2089 461 2152 Tunc
502 2088 543 2152 ab
579 2089 652 2152 isa
691 2087 815 2174 synodo
858 2089 893 2151 in
931 2088 1123 2152 Teutonicas
1164 2096 1431 2173 portesmisJaa.

153 2174 330 2238 subiectum
363 2175 450 2237 misit
482 2111 686 2258 epistolbmh
721 2173 904 2259 Greporius
940 2175 1129 2258 episcopusa
1159 2196 1270 2236 seruus

152 2281 318 2322 seruorum
332 2259 408 2339 Dei,
432 2258 580 2322 omuibus
602 2257 729 2322 clericis
750 2267 779 2322 et
799 2258 897 2322 laicis
920 2259 957 2321 in
978 2280 1079 2343 repno
1097 2258 1270 2321 Teutonico

152 2344 349 2422 constitutis,
387 2345 445 2428 qui
480 2343 823 2406 eucommuuicationis
855 2341 985 2406 uinculo
1015 2365 1081 2406 uon
1110 2350 1270 2424 tenentur,

153 2425 332 2489 salutemet
348 2426 560 2508 apostolicam
582 2426 841 2490 benedictionem.
878 2425 969 2500 Quae
988 2436 1017 2490 et
1051 2435 1155 2490 nanta
1177 2425 1270 2489 nobis

153 2510 352 2593 curafuerit
366 2519 394 2574 et
409 2519 463 2589 est,
486 2519 521 2573 ut
536 2509 737 2594 pestilentia,
760 2510 888 2574 cladesb
911 2520 940 2574 et
961 2450 1116 2574 desolatio
1133 2533 1155 2574 a
1169 2531 1269 2595 repno

152 2603 255 2657 oestro
287 2592 476 2677 auferatur,
500 2615 577 2678 pan
602 2603 650 2657 et⁰
678 2594 828 2657 honestas
850 2603 879 2657 et
906 2593 1035 2657 solitum
1063 2594 1159 2657 decus
1180 2594 1270 2658 uobis

151 2678 320 2757 reddatur,
342 2679 379 2740 in
394 2678 518 2764 synodo
534 2700 617 2762 quae
633 2678 691 2741 boc
710 2701 800 2741 anno
821 2680 858 2742 in
874 2677 1134 2762 quadrupesima
1148 2678 1270 2750 Romae

153 2761 313 2826 celebrata
324 2761 414 2845 fuit,
441 2761 690 2824 declaravimus.
733 2761 863 2824 Iudicio
885 2763 971 2826 enim
992 2764 1100 2826 sancti
1121 2760 1269 2846 Spiritus

153 2847 353 2910 decrevimus
380 2855 409 2908 et
432 2847 681 2930 praecepimus,
709 2847 803 2908 utin
824 2867 925 2930 repno
948 2854 1051 2908 cestro
1074 2845 1270 2909 concentus‘l

154 2933 297 2995 omnium
324 2933 550 3015 episcoporum
577 2938 605 2992 et
631 2929 791 2994 laicorum
819 2952 929 2993 eorum
951 2933 1009 3012 qui
1030 2931 1142 2993 timent
1163 2930 1270 2994 Deum
1314 3003 1317 3009 Δ

153 3025 181 3079 et
195 3017 282 3080 inter
295 3037 350 3079 uos
363 3037 477 3098 pacem
500 3013 698 3094 desiderant,
712 3013 815 3096 fieret,
837 3023 866 3078 et
885 3036 996 3078 coram
1018 3015 1138 3077 nostris
1153 3013 1270 3100 lepatis

154 3100 387 3176 decerneretur,
410 3101 440 3163 si
462 3101 547 3178 eur,
570 3099 728 3162 Heinrico
743 3097 890 3162 uidelicet
910 3098 958 3162 nel
971 3097 1128 3183 liedulfo,
1152 3099 1208 3183 qui
1230 3098 1269 3160 de

152 3185 249 3268 requi
263 3183 483 3267 pubcrnaculo
498 3185 583 3246 iuter
597 3204 629 3246 se
641 3183 816 3265 decertant,
833 3182 975 3267 amplius
991 3183 1268 3266 iustitiafaoeret,

150 3267 313 3351 parsque'
334 3269 493 3330 iniustior
513 3268 641 3330 ratione
663 3267 791 3330 deuicta
812 3275 841 3330 et
862 3267 947 3331 beati
963 3267 1054 3330 Petri
1077 3268 1269 3330 auctoritate

153 3352 338 3431 constricta,
351 3350 498 3435 facilius
519 3351 641 3414 cederet
662 3360 691 3415 et
713 3351 752 3414 ab
776 3352 911 3414 interitu
938 3353 1127 3414 animarum
1149 3359 1177 3412 et
1199 3372 1268 3414 cor-

148 3458 271 3521 porum
293 3435 364 3499 Deo
381 3436 588 3518 propitiante
610 3443 757 3515 cessaret,
783 3435 903 3498 iustior
923 3456 998 3498 uero
1014 3457 1102 3518 pars
1125 3433 1269 3518 amplius

154 3521 193 3583 de
208 3519 277 3582 Deo
294 3519 477 3600 confideret,
497 3527 526 3581 et
541 3519 659 3583 adiuta
673 3519 758 3581 beati
772 3517 860 3582 Petri
876 3520 1068 3582 auctoritate
1083 3528 1112 3582 et
1126 3519 1269 3583 omnium

153 3604 315 3669 iustitiam
336 3603 543 3689 dilipentium
559 3624 726 3680 consensu,
749 3602 788 3666 de
806 3605 946 3666 uictoria
968 3603 1099 3667 omnino
1121 3612 1269 3687 speraret

153 3697 203 3752 etss
231 3696 382 3751 neutram
410 3697 541 3752 mortem
569 3688 700 3750 timeret.
744 3685 811 3752 Sed
840 3689 920 3772 quia
945 3689 1095 3772 peruenit
1124 3688 1168 3751 ad
1198 3709 1268 3767 nos,

153 3773 241 3857 quod
269 3773 399 3836 inimici
419 3773 484 3836 Dei
513 3780 541 3835 et
554 3770 625 3854 filii
652 3769 778 3836 dioboli
806 3770 941 3855 quidam
964 3772 1057 3855 apud
1076 3795 1132 3836 uos
1154 3781 1268 3835 contra

153 3935 177 3988 s)
192 3937 248 3976 deest
269 3937 290 3979 l.
312 3936 332 3975 2.
392 3933 416 3986 b)
439 3939 462 3975 et
485 3935 563 3975 clades
583 3935 610 3973 B.
672 3930 692 3984 c)
714 3937 737 3973 st
756 3945 803 3983 pax
822 3934 850 3973 B.
911 3931 935 3985 d)
950 3935 1005 3973 deest
1027 3935 1051 3982 ὓς
1075 3944 1135 3973 omn.
1158 3945 1223 3974 conv.
1247 3936 1268 3973 1.

154 3995 176 4048 e)
192 3997 212 4035 si
227 3995 256 4036 Η.
272 3994 353 4035 vis.
369 3995 395 4034 R.
457 3992 475 4045 ι’)
491 3995 602 4034 Iniustior
618 3993 680 4033 enim
696 4003 749 4042 pars
764 3993 790 4034 It.
851 3991 875 4044 g)
891 4003 967 4042 nsque
982 3996 1103 4042 utramque
1118 3993 1144 4034 B.

156 4108 184 4172 1)
204 4107 239 4158 Ia
257 4108 367 4176 Repesto
390 4107 512 4174 Greporii
536 4105 601 4173 (VI,
623 4107 661 4170 1.)
688 4103 789 4157 litterae
814 4105 880 4158 istae
905 4105 983 4164 datae
1006 4105 1132 4158 dictantur
1159 4105 1268 4172 Capuae

155 4181 217 4232 Kal.
237 4181 300 4233 lun.
318 4181 375 4233 ind.
398 4183 421 4233 1.
443 4179 551 4244 (1078.)
589 4179 621 4230 P.
660 4177 743 4230 Immo
762 4179 816 4229 Iul.
838 4187 868 4228 ut
893 4179 973 4230 editio
991 4178 1073 4245 Jaffli
1094 4197 1107 4232 e
1126 4181 1183 4231 cod.
1208 4179 1267 4232 Vct.

155 4255 294 4307 emendata
319 4255 401 4307 docet.
441 4253 510 4306 Sunt
535 4251 617 4322 ipitur
641 4252 747 4304 duabus
766 4251 905 4304 Senonum
924 4253 1053 4319 epistolis,
1077 4270 1145 4320 quac
1163 4270 1207 4305 eos
1227 4254 1269 4305 bic

148 4329 323 4395 praecedunt,
344 4327 513 4396 antiquiores.
