3098 4818
294 353 330 404 86
580 352 704 404 BRUNO
722 351 773 402 DE
792 351 914 404 mbo
931 350 1124 404 semmua

217 522 499 586 msinterdictam
531 519 730 606 apostolicae
761 521 849 584 sedis
877 522 1090 606 praedictum
1118 525 1309 583 conventum
1329 537 1418 599 pro-

293 615 408 671 curent
432 607 471 670 in
498 607 632 670 irritum
658 605 793 684 ducem,
820 613 849 666 et
870 628 937 668 non
962 606 1093 669 iustitia
1114 603 1172 668 sed
1192 601 1349 685 superbia
1372 623 1418 663 ac

292 692 391 756 totius
411 691 510 776 requi
529 689 726 754 desolatione
747 711 828 752 suas
848 690 1045 773 cupiditates
1069 687 1222 752 anhelent
1233 683 1370 770 implere
1384 692 1420 748 et

292 775 511 840 cbrt'stianam
530 772 720 860 reliqionem
741 773 914 853 destruere,
937 795 1102 837 monemus
1126 794 1180 835 oos
1205 779 1234 833 et
1255 791 1295 832 eu
1310 777 1418 853 parte

292 860 379 924 beati
392 859 482 922 Petri
496 861 737 943 praecipimus,
758 866 795 920 at
814 856 935 922 tatum
956 857 1084 921 nullum
1106 854 1292 919 auuilium¹
1308 875 1416 937 prae·

239 1015 245 1024 ,
292 944 397 1008 beatis
417 965 519 1028 neque
543 942 611 1006 illis
633 942 881 1006 communicetis.
924 941 964 1004 In
981 941 1160 1025 praedicta
1180 940 1264 1003 enim
1286 937 1415 1022 synodo

292 1029 362 1092 iam
385 1049 493 1091 munes
513 1026 857 1090 eaecmnmunicationis
883 1035 913 1088 et
934 1025 1155 1088 anathematis
1181 1031 1258 1086 sunt
1279 1019 1416 1084 uinculo

292 1111 457 1190 innodati,
479 1119 509 1173 et
522 1120 559 1174 ut
575 1109 702 1174 nullam
716 1111 886 1173 victoriam
902 1111 1037 1193 possint
1050 1109 1201 1188 obtinere,
1223 1106 1309 1169 beati
1323 1104 1417 1168 Petri

289 1204 449 1280 potestate
470 1203 546 1258 sunt
567 1194 738 1280 obliqati';
759 1202 795 1256 ut
817 1193 928 1256 saltem
943 1196 1049 1258 coacti
1062 1191 1322 1276 confundantur,
1345 1198 1377 1252 et
1391 1211 1417 1252 a

293 1288 393 1343 morte
415 1279 605 1342 animarum
631 1301 766 1342 suarum
793 1287 823 1341 et
846 1277 1046 1341 desolatione
1071 1278 1252 1361 proprioe⁶
1305 1274 1415 1336 atriae

293 1372 493 1428 revocentur.
544 1363 604 1426 Vos
631 1372 753 1441 ouum,
777 1361 909 1444 fratres
938 1363 1117 1441 carissimi,
1150 1361 1190 1424 de
1219 1381 1268 1422 me
1320 1355 1415 1421 nullo

294 1447 388 1512 modo
411 1447 578 1526 dubitetis,
608 1446 697 1530 quod
722 1447 867 1508 iniustae
887 1448 987 1531 parti
1007 1447 1148 1509 scienter
1176 1443 1289 1528 aliquo
1317 1441 1416 1505 modo

284 1531 436 1616 faremo.
480 1531 593 1615 Maqis
625 1531 711 1593 enim
737 1551 804 1612 pro
832 1539 941 1593 vestrm
967 1529 1072 1594 salute
1100 1528 1248 1592 desidero
1280 1535 1415 1589 mortem

296 1615 419 1694 subire,
447 1635 545 1698 quam
574 1615 672 1678 totius
696 1613 813 1676 mundi
840 1613 984 1700 qloriam
1011 1614 1057 1677 ad
1077 1623 1218 1676 restrum
1244 1612 1415 1674 interitum

297 1700 458 1784 arripere.
505 1694 600 1771 Quod
627 1700 659 1761 si
685 1697 792 1782 aliqui
816 1698 856 1761 de
872 1697 1029 1782 falsitate
1057 1697 1189 1779 confisi,
1219 1693 1335 1759 litteris
1363 1693 1416 1757 uel

295 1782 401 1847 uerbis
422 1781 518 1847 aliter
537 1782 628 1846 uobis
648 1782 881 1863 indicaverint,
904 1781 1103 1846 nullomodo
1125 1784 1171 1844 eis
1187 1780 1415 1864 acquiescatis.

295 1867 403 1932 Deum
423 1869 510 1934 enim
530 1869 677 1930 timemus
698 1876 728 1931 et
744 1888 811 1948 pro
833 1868 904 1930 eius
934 1889 1042 1930 amore
1064 1865 1194 1929 cottidie
1217 1864 1416 1949 offliqimur,

296 1961 326 2016 et
352 1952 427 2015 ideo
455 1951 643 2034 superbiam
672 1960 702 2014 et
730 1950 958 2014 oblectamenta
980 1949 1105 2014 saeculi
1125 1949 1415 2033 parvipendimus,

296 2037 379 2120 quia
393 2037 456 2099 cito
471 2035 564 2120 apud
578 2058 650 2098 eum
665 2034 830 2098 consolari
843 2034 1068 2097 indubitanter
1089 2033 1262 2096 credimus.
1303 2031 1416 2094 Omni-

292 2129 411 2205 potens
432 2128 461 2181 et
486 2119 671 2182 misericors
692 2119 796 2193 Deus,
826 2121 884 2203 qui
911 2118 1001 2180 ultra
1024 2141 1127 2201 spem,
1154 2117 1244 2180 ultro
1264 2117 1416 2179 meritum

296 2205 468 2267 miseretur
488 2211 517 2265 et
538 2202 729 2266 consolatur
749 2225 808 2268 nos
830 2205 868 2266 in
889 2201 1099 2266 tribulatione
1121 2211 1253 2280 nostro,
1283 2202 1416 2285 operiat

298 2309 356 2350 cor
375 2296 515 2350 uestrum
534 2289 571 2350 in
593 2283 661 2372 leqe
676 2309 749 2367 suo,
771 2296 800 2350 et
819 2287 856 2350 in
873 2289 1062 2370 praeceptis
1084 2289 1155 2350 suis
1170 2286 1334 2367 confirmet
1347 2306 1416 2364 oos,

300 2381 336 2434 ut
364 2373 555 2434 auctoritate
583 2369 669 2434 beuti
690 2371 779 2434 Petri
805 2393 827 2434 a
853 2374 979 2434 cunetis
1001 2373 1148 2454 peccatis
1174 2367 1337 2433 absolutos
1358 2390 1416 2431 oos

180 2470 222 2525 η.
238 2473 290 2515 sm.
302 2455 347 2518 ad
369 2453 497 2518 coeleste
517 2477 654 2538 reqnum
670 2455 836 2538 perducat
855 2455 1080 2541 reqnaturos.*

226 2561 292 2603 son.
395 2538 465 2602 114„
514 2537 634 2603 Contra
664 2560 761 2625 quam
797 2548 955 2603 nostrates
987 2537 1087 2618 hano,
1121 2559 1217 2623 quam
1248 2536 1415 2622 supposui,

301 2622 457 2686 miserunt
483 2621 664 2707 epistolam:
695 2623 890 2706 Accepimus
921 2623 1047 2688 dudum
1079 2624 1263 2686 sonuistis
1291 2631 1417 2686 uestrae

297 2708 424 2773 litteras
444 2707 503 2770 boc
526 2711 732 2788 continentes,
754 2708 841 2792 quod
862 2730 919 2770 uos
940 2709 977 2770 in
999 2706 1123 2793 synodo
1143 2706 1296 2769 Romanu
1310 2705 1416 2768 decre-

297 2795 409 2872 vistis,
450 2801 611 2875 quatenus
647 2794 684 2855 in
718 2794 840 2856 icastris
871 2791 1028 2874 partibus
1061 2800 1236 2854 conuentus
1271 2792 1416 2853 omnium

297 2879 526 3021 episcoqqorum
540 2885 569 2938 et
582 2876 743 2940 laicorum
757 2876 864 2940 Deum
877 2878 1057 2940 timentium
1070 2874 1166 2956 fleret
1181 2874 1227 2937 od
1241 2874 1415 2937 discutien-

298 2962 378 3024 dmn
429 2981 475 3039 oc,
503 2961 559 3023 cui
584 2958 730 3040 illorum,
779 2963 817 3024 ui
843 2959 882 3023 de
909 2961 1008 3044 requi
1034 2957 1255 3045 pubernoculo
1281 2966 1414 3039 certant,

297 3045 428 3109 iustitia
460 3045 569 3128 moqis
584 3043 714 3127 faueat.
758 2983 799 3107 in
828 3067 895 3128 quo
923 3066 959 3107 re
986 3043 1045 3107 boc
1097 3045 1217 3106 rimum
1243 3045 1415 3120 miramur,

299 3127 386 3213 quod
402 3127 588 3209 prudentio
601 3137 729 3190 uestra⁰
750 3130 874 3208 statuit,
897 3127 984 3212 quod
1002 3065 1096 3191 seniliJ
1113 3126 1207 3190 modo
1223 3148 1322 3209 posse
1336 3126 1417 3207 fleri

298 3220 434 3276 constat.
466 3209 627 3274 Novimus
642 3213 728 3275 euim
743 3211 802 3274 boc
823 3214 997 3276 memoriae
1018 3221 1142 3275 uestrae
1164 3234 1231 3274 non
1245 3211 1416 3292 eccidisse,

299 3296 387 3381 quod
408 3304 476 3358 torn
498 3294 645 3359 assiduis
667 3297 881 3381 querimoniis
893 3293 1143 3380 frequentatum
1165 3305 1211 3357 est
1233 3295 1327 3378 opud
1349 3317 1415 3375 uos,

299 3382 423 3528 quippe
459 3378 547 3464 quod
574 3401 684 3463 poene
718 3401 827 3442 omnes
855 3381 1005 3526 episqqpi
1036 3381 1094 3464 qui
1119 3380 1191 3443 sedi
1218 3378 1415 3462 apostolicae

300 3463 354 3529 obe
378 3465 462 3544 iunt,
477 3463 516 3527 de
527 3466 597 3528 suis
607 3463 849 3548 episcopatibus
865 3485 929 3548 cup
967 3465 1007 3543 si,
1023 3487 1045 3526 a
1049 3462 1146 3548 facie
1152 3465 1416 3548 persequentium

297 3546 437 3634 fuqiunt
458 3557 487 3610 et
507 3546 656 3630 lotitunt;
684 3558 713 3611 et
733 3549 890 3632 quomodo
917 3547 953 3612 bi
974 3571 1041 3611 cum
1063 3549 1134 3611 suis
1151 3547 1415 3630 persecutoribus

301 3634 472 3696 conuenire
497 3641 526 3695 et
557 3631 704 3716 conferre
733 3633 772 3696 cle
801 3633 853 3696 bis
884 3634 995 3696 causis
1019 3641 1176 3715 possunt,
1204 3653 1270 3714 pro
1320 3631 1415 3694 uibus

301 3713 409 3816 aliqui
428 3711 558 3779 illorum
580 3718 680 3780 occisi
700 3725 786 3796 sunt,
809 3716 945 3800 quidum
970 3719 1008 3779 in
1030 3719 1251 3799 captivitatem
1273 3655 1414 3795 aidani,

299 3797 421 3884 reliqui
434 3819 509 3862 uero
532 3800 679 3864 omnibus
699 3799 794 3864 rebus
814 3802 885 3863 suis
906 3797 1105 3883 exspoliati?
1140 3799 1271 3864 Deinde
1293 3821 1415 3885 quoque

301 3883 360 3948 boc
381 3883 572 3946 mirandum
593 3905 770 3963 censemus,
798 3884 886 3968 quod
907 3883 999 3948 illius
1024 3884 1165 3948 bominis
1188 3905 1322 3947 causum
1344 3907 1414 3947 cum

300 3965 370 4032 illis
397 3965 580 4031 bominibus
616 3968 776 4033 discutere
801 3969 964 4048 iubemur,
1003 3991 1084 4053 quos
1113 3977 1263 4052 utrosque
1290 3967 1414 4053 loqutus

299 4059 435 4115 sanctae
472 4047 639 4116 Romanae
676 4049 828 4116 ecclesiae
868 4062 976 4116 vestro
1012 4054 1159 4116 iussione
1192 4075 1214 4114 o
1249 4052 1415 4117 liminibus

303 4133 453 4200 secusioe
468 4145 601 4200 sanctae
615 4138 794 4218 separavit.
816 4134 858 4201 Si
873 4146 979 4200 autem
993 4135 1098 4200 nicbil
1112 4137 1228 4200 borum
1240 4136 1415 4218 obstitisset,

301 4311 525 4421 :quilqffimss
567 4312 591 4366 b)
608 4315 698 4364 sllinstt
713 4315 739 4356 B.
786 4314 807 4368 c)
822 4317 912 4366 petrice
927 4319 1018 4358 vestrae
1033 4318 1060 4362 B.
1107 4314 1131 4367 d)
1147 4317 1202 4357 aem
1219 4320 1238 4360 1.
1286 4317 1418 4370 s)aeest1,·

328 4383 341 4410 0
456 4397 463 4412 ι
522 4401 528 4413 ι
