3098 4818
300 355 335 406 38
590 355 710 406 BRUNO
731 355 780 406 DE
799 356 918 407 BELLO
939 354 1125 406 SAXONICQ

220 522 455 609 sompervenit,
478 532 509 588 et
531 543 604 586 cum
625 544 742 607 magno
765 523 899 608 strepitu
921 523 1072 608 episcopo
1095 521 1331 607 expergefacto,
1353 541 1424 583 rem

299 629 382 694 quae
404 627 514 671 secum
528 605 684 691 agebatur
704 609 851 688 innotuit,
874 629 1011 692 eumque
1033 617 1068 670 ut
1090 628 1123 670 se
1145 627 1164 668 a
1185 605 1322 669 furtivae
1343 625 1424 667 casu

298 692 410 756 mortis
432 691 569 776 eriperet
591 692 701 760 oravit.
746 690 842 770 Quod
865 711 937 754 cum
960 713 1018 776 per
1040 689 1195 776 oppidum
1219 688 1421 774 divulgatum

279 833 281 836 .
298 775 422 854 fuisset,
444 797 504 838 rex
525 797 599 838 eum
621 777 704 838 sicut
724 775 870 839 voluerat
891 795 955 837 non
970 775 1183 858 praesumpsit
1197 772 1340 858 perdere,
1363 769 1422 835 sed

300 881 374 924 eum
400 858 499 924 libere
526 880 585 957 per
612 861 735 922 curiam
763 879 827 944 quo
857 856 953 922 vellet
982 859 1028 922 ire
1056 858 1211 943 permisit.
1263 855 1328 920 Sed
1357 853 1420 934 ille,

300 943 383 1007 sicut
410 951 478 1007 erat
505 965 556 1006 v1r
581 943 616 1006 in
642 943 790 1006 omnibus
819 941 976 1040 prudens,
1009 940 1051 1005 ad
1084 940 1218 1005 consilia
1246 939 1331 1024 regis
1359 938 1421 1002 fre-

221 1055 289 1100 ross,
301 1035 434 1114 quanter
455 1027 605 1107 accessit,
633 1037 665 1092 et
692 1027 849 1112 sapientia
876 1047 934 1091 sua
955 1025 1048 1088 brevi
1069 1035 1212 1110 tempore
1233 1022 1423 1108 promeruit,

298 1120 335 1174 ut
350 1109 503 1195 quicquid
519 1110 561 1174 ad
575 1109 728 1174 honorem
744 1111 829 1208 regis
843 1110 1026 1194 pertineret,
1048 1109 1116 1172 eius
1131 1107 1263 1172 consilio
1278 1107 1421 1170 maxime

299 1217 358 1260 rex
384 1195 454 1278 ipse
476 1194 667 1280 disponeret.
711 1193 860 1280 Denique
890 1215 985 1278 quem
1006 1215 1110 1278 nuper
1134 1191 1273 1257 habebat
1294 1191 1421 1254 hostem

300 1278 541 1360 saevissimum,
573 1299 646 1342 eum
675 1299 762 1340 nunc
792 1279 898 1363 coepit
928 1277 1046 1342 habere
1080 1274 1315 1340 consiliatorem
1343 1273 1421 1337 fide-

299 1361 467 1426 lissimum.

384 1443 435 1509 58.
478 1444 545 1508 Nos
568 1454 675 1510 eutem
697 1443 755 1508 ubi
769 1444 931 1529 principes
946 1443 1025 1524 illos,
1050 1444 1105 1530 qui
1118 1453 1244 1508 nostros
1259 1441 1421 1505 habebant

299 1529 334 1592 in
356 1527 514 1607 custodia,
545 1527 709 1594 Goslariae
732 1550 801 1592 esse
824 1528 1054 1612 comperimus,
1081 1525 1202 1591 litteras
1231 1527 1276 1590 eis
1300 1521 1420 1609 suppli-

300 1612 462 1676 cationum
486 1633 545 1696 pro
567 1613 748 1697 principum
770 1620 952 1675 nostrorum
967 1611 1155 1676 liberatione
1175 1609 1420 1688 transmisimus,

300 1717 447 1793 quaeque
470 1697 583 1760 civitas
606 1697 675 1760 sive
696 1695 862 1780 provincia
883 1717 941 1781 pro
965 1695 1015 1758 sui
1030 1695 1174 1780 episcopi
1194 1695 1260 1760 sive
1276 1691 1421 1778 primatis

300 1788 473 1864 ereptmne.
527 1779 581 1842 Ex
622 1779 738 1868 quibus
781 1800 879 1842 unam
921 1788 1046 1842 tantum
1088 1778 1211 1864 placuit
1253 1773 1421 1862 epistolam

300 1863 503 1928 subnectere:
536 1923 537 1928 ,

383 1947 434 2010 59.
461 1947 590 2012 Damno
613 1949 730 2028 Udoni,
747 1950 855 2012 orium
870 1946 992 2011 Christi
1007 1955 1198 2010 sanctarum
1214 1944 1421 2008 sanctissimo

299 2035 457 2116 pastori1,
487 2031 593 2095 clerus
622 2041 652 2094 et
673 2023 823 2116 populus
846 2031 1166 2116 Mapeclaburpensis
1192 2029 1343 2093 ecclesiae
1366 2026 1420 2090 de-

300 2117 459 2178 votionem
477 2113 708 2195 fidelissimam
736 2117 908 2198 utriusque
934 2115 1087 2178 bominis.
1134 2110 1229 2186 Quod
1250 2113 1335 2175 tanti
1356 2111 1422 2173 uiri

301 2200 452 2262 notitiam
464 2198 688 2282 familiariter
709 2207 738 2260 et
758 2200 905 2282 qratiam
927 2197 1019 2260 nulla
1042 2197 1133 2261 nobis
1158 2196 1266 2259 adbuc
1292 2203 1423 2258 nostrae

246 2305 248 2309 ⁴
301 2283 468 2345 seruitutis
501 2282 697 2345 ecbibitione
730 2282 968 2366 quaesivimus,
1001 2281 1212 2364 nosmetipsos
1243 2281 1330 2342 inter
1361 2299 1421 2340 nos

301 2365 499 2446 vehementer
530 2386 738 2439 accusamus,
773 2375 801 2428 et
823 2365 917 2428 nulla
945 2388 1004 2428 nos
1027 2367 1177 2428 seruitute
1199 2373 1314 2428 nostra
1334 2361 1423 2426 robis

301 2448 351 2512 uel
372 2457 465 2511 notos
488 2469 554 2511 esse
566 2446 681 2531 factos
710 2471 745 2512 eo
776 2451 885 2534 mapis
908 2449 1139 2528 erubescimus,
1170 2453 1235 2532 “quo
1258 2470 1324 2510 aaa
1343 2467 1422 2530 pro-

301 2533 410 2596 meriti
439 2539 533 2594 tanta
558 2533 693 2616 pietatis
720 2541 845 2595 uestrae
873 2530 995 2596 solatia
1027 2534 1064 2596 in
1089 2531 1198 2596 multis
1220 2531 1343 2594 nostris
1364 2529 1422 2592 tri-

301 2615 524 2680 bulationibus
549 2617 742 2700 accepimus.
785 2616 839 2678 Ea
862 2616 1011 2680 amitibus
1033 2618 1118 2680 enim
1147 2614 1425 2690 tribulationibus,

304 2721 386 2784 quas
409 2697 459 2762 ael
480 2699 600 2785 leupus
628 2703 696 2764 iam
718 2721 777 2763 nos
808 2721 888 2762 usus
900 2699 997 2784 ferre
1014 2701 1181 2783 patienter
1202 2699 1347 2776 edocuit,
1377 2695 1425 2760 vel

306 2806 390 2868 quas
412 2784 490 2866 ipsa
511 2787 640 2848 nouitas
663 2807 725 2868 quo
746 2782 913 2863 insolitas,
941 2805 977 2846 eo
1000 2783 1093 2846 nobis
1114 2783 1285 2867 proniores
1307 2781 1425 2860 reddit,

307 2865 403 2930 nulla
425 2867 517 2930 nobis
545 2890 692 2952 unquam
721 2869 858 2952 pravior
884 2867 1052 2947 incubuit,
1083 2889 1181 2951 quam
1203 2865 1290 2948 quod
1317 2875 1426 2929 nostro

310 2951 427 3014 domno
451 2951 708 3036 archiepiscopo,
731 2953 825 3014 immo
843 2960 942 3034 patre
959 2952 1122 3035 piissimo,
1139 2972 1203 3034 per
1224 2959 1291 3013 tam
1308 2949 1427 3033 lonpae

177 3045 221 3098 *a
238 3048 291 3092 sto.
312 3035 514 3117 captiuitatis
531 3056 722 3097 aerumnam
737 3057 849 3100 carere
864 3037 1009 3120 contipit,
1025 3035 1077 3098 bis
1087 3034 1292 3118 praecipue*
1314 3043 1428 3115 tempe·

312 3120 431 3181 stuosis
444 3117 650 3201 temporibus,
665 3120 702 3179 in·
724 3118 840 3200 quibus
856 3117 948 3182 nobis
964 3127 1044 3180 esset
1057 3119 1197 3181 manime
1215 3119 1428 3181 necessarius.

306 3200 373 3266 Sed
388 3203 478 3283 quia,
495 3201 580 3264 sicut
595 3222 634 3263 en
649 3201 758 3284 ipsius
772 3201 934 3286 lepatione
950 3205 1169 3287 coprioaimus,
1185 3200 1288 3264 multa
1302 3209 1427 3264 uestrae

302 3285 440 3370 pietatis
455 3284 657 3348 humanitate
663 3285 809 3368 fruitur,
832 3286 882 3347 ita
901 3294 936 3346 ut
950 3307 981 3348 se
1004 3307 1069 3348 non
1092 3283 1201 3347 dolore
1224 3307 1264 3346 ca
1289 3284 1428 3347 tivitatis

307 3367 410 3452 affici,
434 3368 490 3432 sed
506 3391 527 3430 a
549 3367 659 3432 labore
674 3390 737 3453 quo
748 3367 894 3451 plurimo
908 3367 1081 3454 fatipatus
1097 3376 1178 3448 erat,
1201 3307 1303 3431 mulla
1318 3365 1427 3431 dulce-

308 3453 385 3516 dine
420 3461 529 3515 uestra
568 3451 659 3533 refici
686 3453 857 3537 fateatur,
897 3455 1039 3516 omnium
1072 3473 1155 3537 quas
1187 3473 1248 3515 nos
1276 3454 1429 3534 patimur

306 3537 527 3621 afflictionum
555 3536 690 3600 libenter
719 3534 823 3616 obliti,
856 3537 934 3600 dum
967 3544 1067 3619 caput
1100 3544 1247 3598 nostrum
1281 3536 1428 3620 paudere

305 3623 541 3704 capnoscimus,
556 3621 697 3684 dolorem
710 3620 934 3700 membrorum,
957 3619 1050 3682 celsi
1065 3641 1205 3704 mapnus
1225 3620 1277 3698 sit,
1302 3617 1430 3682 nullum

302 3711 469 3787 putamus.
512 3702 725 3781 Paternitatis
747 3705 853 3787 ipitur
873 3711 999 3766 vestrae
1015 3703 1159 3788 pedibus
1183 3725 1289 3766 omnes
1305 3703 1429 3766 unani-

305 3786 400 3849 miter
426 3785 536 3848 devoto
567 3785 663 3850 corde
686 3787 870 3870 prostrati,
894 3787 1064 3870 plurimas
1088 3785 1234 3870 plurime
1256 3784 1430 3870 referimus

306 3870 437 3956 pretias
465 3877 590 3932 uestrae
616 3870 752 3952 pietati,
783 3871 863 3953 quia
890 3871 968 3934 dum
991 3871 1077 3933 banc
1100 3893 1183 3954 puae
1206 3872 1347 3934 manime
1369 3892 1431 3932 nos

308 3951 477 4098 aspipebat
492 3975 606 4016 curam
627 3953 856 4016 misericordia
878 3963 987 4016 uestra
1001 3955 1188 4038 mitipastis,
1214 3976 1320 4018 omnes
1341 3953 1431 4018 alias

306 4058 340 4100 so
367 4036 543 4099 icitudines
559 4058 618 4099 nos
632 4036 735 4100 ventis
750 4038 787 4100 in
802 4035 979 4101 Creticuma
994 4060 1085 4101 mare
1094 4037 1285 4121 portandas
1299 4038 1431 4101 tradere

304 4119 440 4200 fecistis.
488 4117 583 4192 Quod
611 4119 640 4182 si
666 4119 783 4183 divina
803 4119 941 4205 fauente
969 4119 1137 4184 clementia
1169 4119 1307 4184 solidam
1336 4121 1432 4184 nobis

238 4226 240 4230 ⁷
308 4243 331 4296 a)
345 4246 377 4284 ita
392 4245 501 4285 mendaci
516 4256 541 4284 ca
557 4245 635 4287 Horat.
654 4245 692 4288 Od.
709 4246 728 4297 1,
745 4248 785 4296 263
801 4258 823 4288 v.
840 4248 951 4287 mercium
970 4247 1035 4296 13111
1051 4247 1144 4285 Eretum
1161 4247 1194 4286 at.
1226 4246 1252 4284 P.

313 4340 340 4404 1)
360 4339 561 4407 Arrbiepiscapa
585 4340 749 4403 Treaerensi
770 4357 783 4394 e
804 4340 938 4394 comitibus
958 4340 990 4392 ale
1010 4339 1181 4408 Nellenburp.
1225 4340 1260 4393 W.
