3114 4814
301 345 334 395 68
481 345 531 395 Du
550 344 708 396 UNITATE
728 344 933 398 ECGLESIAE
954 344 1231 396 cousussvauns.

296 514 327 577 si
356 523 468 600 postea
496 523 638 578 uteretur
664 515 704 578 iis
733 512 856 600 absque
883 513 1013 578 licentia
1039 514 1098 594 sui,
1131 514 1197 577 iam
1224 522 1307 578 esset
1333 513 1418 578 iusta

297 599 426 662 occasio
454 597 628 662 damnandi
654 599 775 684 pariter
800 607 833 664 et
855 597 1037 684 deponendi
1059 619 1142 678 eum,
1164 597 1293 684 quando
1316 607 1417 662 trans-

296 704 428 768 gressus
455 681 567 746 fuisset
595 683 765 768 impositae
791 681 872 768 legis
894 703 972 746 suae
994 681 1192 746 mandatum.
1234 682 1318 745 Tum
1340 703 1417 746 voro

296 766 420 832 electus
448 766 553 832 fuerat
581 777 613 831 et
639 766 804 830 ordinatus
833 769 868 830 in
894 787 1004 852 regem
1029 764 1185 830 Rudolfus
1214 767 1306 830 iuxta
1331 765 1419 864 quod

296 851 422 916 dictum
444 861 492 917 est
514 863 639 936 supra¹,
662 861 789 916 etcum
812 850 892 916 haec
912 850 997 916 facta
1024 851 1087 916 sint
1114 873 1156 914 ex
1183 851 1285 936 ipsius
1307 849 1417 916 Hrlde-

299 934 416 1000 brendi
432 937 598 1016 sententie,
620 937 756 1021 proinde
770 936 840 1020 regi
855 934 1021 1000 Henricho
1042 943 1099 998 aut
1112 933 1305 999 resumenda
1327 945 1418 999 erant

296 1041 338 1084 ea
367 1040 450 1107 quae
478 1023 609 1106 proprie
635 1043 749 1106 regum
777 1029 852 1084 sunt
880 1019 1001 1106 regalia
1022 1029 1220 1102 ornamenta,
1247 1027 1303 1083 aut
1331 1029 1418 1084 certe

295 1103 475 1170 amittenda
496 1115 564 1170 eret
578 1127 613 1168 re
637 1105 668 1168 ia
682 1114 834 1190 potestas,
880 1126 955 1168 nam
970 1114 1139 1189 acceperat
1160 1102 1417 1169 exordinatione

296 1187 418 1254 divina.
463 1188 570 1270 ‘Quod
597 1127 658 1253 eiii
685 1210 751 1252 non
778 1189 827 1253 via
855 1125 956 1270 deri⁸,
985 1187 1040 1252 alii
1069 1211 1110 1253 ne
1138 1185 1270 1266 feceris’,
1299 1188 1417 1274 inquo

136 1272 421 1346 usm.r,re.scilicet
454 1271 606 1338 mundato
633 1272 767 1336 Domini
799 1273 919 1371 pendet
949 1271 1003 1336 lex
1035 1272 1195 1337 fraternae
1228 1271 1418 1336 dilectionis.

298 1357 384 1422 Nam
414 1355 562 1421 Gelasius
595 1377 682 1442 papa
713 1357 860 1422 scrib1t¹:
892 1370 1046 1438 Postquam,
1075 1357 1234 1442 inquiens,
1263 1372 1300 1422 ast
1327 1388 1418 1424 veum

214 1447 216 1452 ’
298 1453 405 1500 uentum
432 1454 470 1498 est
498 1447 610 1498 eundem
633 1463 720 1514 repent
744 1455 823 1512 utque
843 1447 1003 1513 pontificma,
1029 1447 1102 1497 ultra
1126 1446 1176 1496 sibi
1199 1463 1247 1498 uec
1274 1444 1419 1512 imperator

293 1519 429 1588 pontificis
446 1537 541 1573 nomeu
559 1519 691 1586 imposuit,
710 1537 757 1572 uec
771 1521 896 1586 pontifex
914 1519 1023 1588 repulus
1040 1515 1150 1587 repiueb
1163 1519 1308 1586 fustipium
1326 1517 1419 1571 uendi·

295 1603 378 1656 cavo.
427 1586 482 1652 Sic
510 1588 595 1652 enim
625 1587 738 1652 scribit
758 1587 801 1652 ad
822 1589 1033 1653 Anastasium
1053 1588 1280 1673 imperatorem
1303 1585 1418 1651 hereti-

296 1692 374 1734 cum
395 1680 428 1735 et
449 1669 649 1736 defensorem
671 1671 895 1754 hereticorum,
924 1671 980 1771 qui
1001 1673 1061 1736 etsi
1090 1670 1162 1736 talis
1184 1671 1289 1754 fuerit,
1311 1681 1419 1736 tamen

297 1777 359 1819 nec
379 1755 449 1841 ipse
473 1755 622 1822 Gelenius
644 1777 704 1821 nec
726 1754 863 1820 aliorum
885 1777 1057 1843 qursquam
1078 1765 1262 1821 sanctorum
1291 1765 1419 1841 patrum

297 1838 352 1904 vel
372 1851 498 1926 partem
520 1839 677 1926 clamydis
701 1863 778 1905 suee
800 1839 990 1906 abscindere
1010 1841 1237 1926 praesumpsit,
1268 1841 1419 1925 quoniam

297 1925 333 1987 in
358 1923 407 1988 his
435 1925 532 1990 etiarn
559 1927 615 2010 qui
643 1924 801 1990 eiusmodi
824 1935 897 1990 sunt
924 1924 1157 1990 ordinationem
1186 1923 1250 1989 Dei
1279 1935 1311 1988 et
1331 1935 1419 2010 pote-

297 2017 414 2074 statem
437 2031 520 2108 qnae
542 2031 562 2073 a
585 2009 657 2074 Deo
679 2019 728 2074 est
750 2009 884 2095 quisque
907 2018 1037 2073 sanctus
1058 2008 1291 2074 honorificavit.
1326 2023 1419 2086 Quae-

296 2114 354 2158 tuan
373 2125 443 2172 vero,
464 2093 601 2180 mquit³,
620 2109 658 2160 ud
670 2107 789 2160 ordinem
798 2108 923 2173 publicae
932 2109 1048 2173 pertinet
1060 2107 1218 2174 disciplinae
1232 2114 1420 2176 copposoeutes,

296 2181 410 2248 pioriose
422 2183 476 2248 fili,
495 2183 635 2248 imperium
654 2182 702 2232 tibi
719 2198 838 2246 superno
856 2179 1026 2247 dispositione
1046 2183 1169 2232 coldttum
1189 2181 1288 2248 lepidus
1298 2181 1355 2232 tuis
1368 2178 1421 2244 ipsi

298 2271 401 2320 quoque
422 2265 523 2320 parent
547 2256 665 2323 religiosi
684 2254 823 2318 antistites,
846 2272 879 2306 ne
908 2255 950 2306 uel
971 2255 1000 2304 in
1025 2255 1103 2306 rebus
1127 2253 1272 2306 mundonis
1297 2254 1420 2306 exclusae

299 2336 443 2388 uideamur
466 2337 573 2390 obviare
598 2335 750 2389 seetmttae.
787 2319 931 2385 Exclusa
950 2331 998 2386 est
1013 2323 1133 2408 quippe
1151 2321 1231 2386 haec
1254 2321 1420 2401 sententia,

299 2414 336 2467 ut
356 2401 472 2490 aliquis
493 2404 633 2470 militans
648 2405 720 2470 Deo
735 2404 912 2469 saecularia
925 2416 1075 2491 procuret
1095 2408 1235 2492 negotia.
1266 2419 1330 2472 εἰῶ
1349 2418 1418 2472 seim

299 2501 425 2554 discrerit
448 2502 568 2556 Christus
592 2504 730 2570 utriusque
747 2505 887 2569 potestatis
915 2506 1013 2572 officio,
1037 2513 1149 2576 regum
1178 2490 1298 2554 scilieet
1324 2499 1420 2574 atque

299 2569 497 2655 pontificum,
513 2587 640 2654 quatinus
658 2587 787 2653 spiritalis
808 2587 876 2639 actio
896 2605 914 2638 a
933 2589 1120 2654 temporalibus
1140 2589 1251 2642 distaret
1269 2587 1420 2640 iucursibus

300 2664 324 2712 et
342 2659 400 2712 Deo
425 2660 543 2712 militene
566 2661 672 2712 minime
696 2677 724 2713 se
747 2661 858 2728 nepotiis
876 2659 1024 2726 implicaret
1043 2663 1233 2727 soecularibus,
1253 2680 1286 2714 oe
1304 2659 1420 2713 uicissim

299 2751 353 2784 uon
371 2732 415 2785 ilie
433 2735 512 2787 rebus
531 2735 630 2786 divinis
650 2735 809 2800 praesidere
828 2734 971 2796 uideretur,
991 2735 1039 2802 qui
1057 2743 1122 2787 esset
1140 2735 1292 2802 implicatus
1308 2733 1420 2803 nepotiis

301 2817 491 2870 soecularibus.
530 2816 643 2868 diterird
671 2817 743 2880 baec,
767 2803 903 2887 inquii³,
931 2824 993 2868 onte
1014 2818 1156 2870 aduentum
1179 2818 1284 2882 chatet
1308 2826 1338 2868 ut
1362 2817 1420 2883 qui·

301 2891 365 2941 dam
382 2892 536 2960 fipuruliter
561 2891 650 2941 adduc
675 2891 810 2942 tamenin
830 2891 983 2942 carnotibus
1003 2889 1150 2942 actionibus
1169 2889 1303 2943 constituti
1317 2891 1422 2960 puriter

301 2980 374 3030 repes
398 2964 537 3015 existerent
562 2962 669 3028 pariter
693 2964 850 3027 sacerdotes,
880 2965 952 3030 quod
975 2971 1095 3016 sunctum
1120 2965 1311 3016 Melchisedech
1330 2965 1420 3031 fuisse

141 3049 383 3103 Gon.14,18,suero
396 3037 490 3102 prodit
509 3033 636 3097 historia5
655 3036 726 3100 quod
744 3037 773 3087 in
792 3039 848 3087 suis
861 3054 963 3102 quoque
982 3037 1105 3089 diabolus
1123 3037 1251 3102 imitatus,
1270 3047 1359 3103 utpote
1373 3037 1422 3102 qui

301 3126 403 3174 semper
421 3127 490 3176 quoe
509 3107 601 3160 diuino
620 3107 704 3159 cultui
719 3111 887 3162 conuenirent
898 3111 1001 3162 sibimet
1014 3111 1152 3177 tyrannico
1168 3111 1265 3178 spiritu
1277 3111 1420 3164 vendicare

303 3183 442 3248 contendit,
468 3189 498 3234 ut
518 3181 625 3249 poponi
646 3181 817 3248 imperotores
843 3185 912 3234 idem
931 3193 955 3236 et
973 3184 1084 3236 matrimi
1098 3186 1236 3253 pontifices
1255 3185 1422 3246 dicerentur5

302 3257 349 3308 sed
368 3273 427 3308 cum
446 3257 483 3306 ad
502 3273 594 3307 oerum
611 3264 718 3308 centum
734 3263 771 3307 est
790 3257 902 3308 eundem
914 3275 1000 3325 repert
1013 3265 1092 3323 utque
1105 3259 1263 3327 pontificem,
1283 3258 1356 3308 uitro
1368 3257 1422 3308 sibi

302 3347 350 3382 uec
368 3330 511 3396 imperator
535 3327 668 3396 pontificis
693 3347 788 3381 nomen
811 3329 950 3396 imposuit,
975 3349 1022 3382 nee
1037 3333 1163 3398 pontefex
1180 3333 1289 3400 repuloe
1307 3325 1418 3398 raptast>

296 3402 441 3472 fostipium
462 3401 621 3464 vendicavit,
648 3403 768 3468 quemvis
790 3405 906 3455 membra
930 3405 1026 3470 ipsius,
1051 3404 1081 3456 id
1103 3413 1141 3456 est
1159 3405 1217 3457 ueri
1233 3405 1323 3472 repis⁰
1342 3413 1422 3470 atque

300 3477 441 3544 pontificis,
467 3477 613 3529 seeundum
633 3476 866 3542 participationem
890 3486 1007 3529 uoturoe
1031 3474 1211 3546 magnificasti
1234 3487 1374 3544 utrumque
1392 3477 1422 3529 iu

163 3561 384 3604 ot.1.Pstr.sooro
401 3551 575 3619 qenerositote
593 3549 756 3616 surrepsisse0
779 3548 913 3614 dicemur,
936 3559 966 3601 ut
984 3551 1066 3602 simui
1084 3554 1174 3621 repete
1191 3569 1274 3620 penus
1293 3557 1317 3603 et
1336 3569 1423 3604 socer·

209 3621 259 3672 ²¹⁹·
304 3633 392 3684 totale
405 3633 562 3716 'subsidant
600 3616 690 3680 Haec
704 3617 834 3716 quidem
849 3617 962 3684 scribit
977 3617 1135 3703 Gelasius,
1158 3619 1215 3686 sed
1231 3619 1423 3685 Hildebrant

303 3710 335 3765 et
362 3721 506 3786 episcopr
534 3721 602 3764 erus
625 3700 876 3766 vendrcaverunt
902 3701 965 3767 sibi
992 3705 1114 3790 absque
1136 3703 1234 3769 dubio
1256 3703 1422 3790 fastigium

304 3889 327 3944 a)
343 3891 393 3931 fleri
409 3891 465 3930 deest
482 3893 509 3941 1,·
530 3891 567 3930 sed
586 3892 631 3930 tam
645 3892 755 3933 Freherus
775 3893 867 3934 addidit.
928 3893 952 3946 b)
975 3896 1034 3935 niet
1048 3896 1164 3936 seeundum
1179 3897 1271 3944 optimos
1285 3896 1365 3935 codices
1378 3907 1421 3944 pro

303 3952 398 4001 regulas
419 3951 498 3999 regiae
519 3961 588 3990 rocem
611 3953 691 4001 regale
709 3953 794 4002 recepit
870 3953 891 4007 c)
915 3955 977 4003 regis
993 3959 1028 3995 est
1043 3960 1111 4004 atque
1126 3954 1241 4004 pontificis
1258 3957 1283 4005 13
1305 3955 1423 3994 emendavit

302 4011 391 4053 Freher.
451 4009 474 4061 d)
491 4009 613 4059 magnifice
631 4014 651 4053 1.
712 4009 734 4063 s)
751 4013 871 4054 summisse
889 4015 908 4052 1.

307 4173 333 4236 1)
360 4170 400 4222 cf.
426 4171 473 4223 lib.
493 4171 515 4234 I,
543 4188 565 4223 c.
586 4172 612 4238 6,
638 4172 684 4222 ubi
709 4173 760 4224 hse
784 4189 877 4224 omnes
901 4189 944 4225 res
968 4173 1065 4224 iisdem
1090 4173 1146 4224 sere
1165 4174 1254 4226 verbis
1273 4174 1422 4224 traduntur.

305 4245 333 4308 2)
358 4245 436 4295 Thisl
455 4245 473 4296 l.
494 4261 518 4295 c.
538 4246 561 4306 Ι,
585 4263 611 4312 p.
632 4246 695 4298 tor.
792 4245 821 4314 3)
848 4246 1124 4313 Ibidem1,p.3b1.
1216 4248 1245 4311 4)
1271 4247 1377 4298 Ibidem
1396 4247 1421 4311 I,

304 4335 331 4386 p.
352 4316 414 4370 568.
490 4316 518 4384 5)
538 4319 643 4371 Ibidem
663 4320 685 4384 1,
705 4337 731 4387 p.
751 4319 813 4371 tot.
834 4319 896 4373 568.
