3098 4818
359 407 364 416 ·
413 381 533 433 BRUNO
552 382 602 432 DE
620 381 739 432 BELLO
760 382 949 434 SAXONIOO.
1222 386 1258 435 67

136 557 291 612 consueta
321 570 422 634 pravo
454 571 691 648 pravorumque
722 548 855 614 oonsilio
886 551 1065 615 revertitur.
1113 551 1256 638 Imponit
1265 567 1331 610 1⁰⁷².

137 631 236 717 capiti
268 653 400 696 aureum
432 631 596 715 diadema,
629 643 662 698 et
692 634 727 696 in
758 633 855 698 corde
883 635 999 699 retinet
1026 633 1109 699 ferro
1141 635 1255 701 fortius

136 715 315 780 anathema.
358 717 720 781 Excommunioatorum
744 719 964 782 communioni
989 719 1149 802 miscetur,
1179 731 1211 786 et
1237 741 1257 785 a

138 811 322 866 sanctorum
356 803 580 866 communione
612 802 709 867 miser
740 800 793 866 ille
826 800 1000 888 repellitur.
1053 802 1148 866 Nunc
1180 803 1258 869 fecit

137 885 285 949 omnibus
315 886 537 966 manifestum,
567 886 665 972 quiae
697 907 762 950 non
788 908 902 950 verum
930 895 1013 951 esset
1044 886 1132 973 quod
1148 882 1162 920 '
1165 887 1257 968 dixit,

135 968 208 1055 plus
239 993 273 1034 se
303 992 411 1035 amare
439 992 574 1054 regnum
603 967 737 1034 eoeleste
766 992 863 1056 quam
892 979 1063 1034 terrenum.
1107 970 1203 1052 Quod
1229 973 1259 1035 si

135 1074 311 1139 parumper
320 1055 354 1117 in
366 1053 547 1120 obedientia
557 1053 794 1140 permansisset,
810 1063 842 1118 et
855 1076 991 1140 regnum
1001 1076 1085 1118 nunc
1097 1065 1258 1119 terrenum
1269 1107 1272 1114 .

136 1159 211 1201 cum
226 1158 307 1223 paee
321 1148 453 1219 teneret
475 1150 507 1202 et
522 1139 715 1225 quandoque
731 1137 867 1204 coeleste
885 1140 954 1203 sine
974 1138 1037 1203 fine
1052 1159 1258 1224 possessurus

135 1222 306 1307 acciperet.
349 1222 444 1286 Nunc
465 1245 541 1287 vero
563 1222 667 1287 factus
688 1221 893 1305 inobediens,
923 1233 955 1287 et
979 1221 1040 1287 hoc
1063 1222 1150 1309 quod
1171 1234 1259 1288 amat

135 1328 201 1370 non
221 1303 367 1388 habebit,
389 1306 452 1369 nisi
475 1327 549 1370 cum
570 1327 688 1391 magno
710 1306 831 1390 labore3
863 1315 894 1372 et
918 1305 997 1370 illud
1024 1328 1089 1370 non
1110 1307 1258 1394 accipiet,

134 1391 196 1454 nisi
218 1411 336 1474 magna
357 1392 455 1454 totius
475 1391 561 1455 vitae
584 1391 770 1457 mutatione.
1401 1455 1419 1471 ¹,

219 1475 271 1538 91.
306 1475 434 1539 Interea
450 1473 595 1539 Saxones
618 1485 650 1538 et
665 1474 766 1540 Suevi
780 1473 951 1539 Foroheim
973 1475 1177 1555 conveniunt,
1200 1473 1257 1538 sed
1364 1497 1368 1505 “

134 1565 166 1623 et
187 1557 227 1622 de
249 1557 320 1622 aliis
341 1557 527 1643 regionibus
548 1557 646 1643 legati
661 1559 802 1640 aderant,
849 1559 903 1622 uil
927 1558 1082 1646 quiequid
1097 1560 1151 1623 isti
1165 1559 1205 1622 de
1221 1581 1257 1623 re

134 1641 265 1727 publica
295 1643 482 1707 commode⁰
511 1641 708 1723 definierint,
733 1581 977 1708 idemiaudare
999 1665 1075 1707 suos
1103 1641 1255 1707 indicant
1337 1717 1340 1720 ,

133 1725 255 1791 Aderat
277 1727 372 1790 etiam
397 1724 521 1811 legatus
542 1724 710 1810 apostolici
721 1738 742 1806 ¹,
771 1727 827 1811 qui
849 1737 965 1790 cuneta
987 1748 1069 1812 quae
1090 1726 1132 1792 de
1155 1749 1256 1812 regno

134 1819 291 1875 nostrates
312 1808 432 1874 utiliter
446 1809 662 1894 disponerent,
683 1808 879 1894 apostolicae
894 1809 1098 1875 sublimitatis
1119 1811 1257 1874 auctori-

133 1904 199 1960 tate
220 1893 371 1958 firmaret.
414 1892 468 1956 Ex
490 1891 599 1956 multis
622 1913 702 1978 quos
729 1893 888 1978 probitate
910 1891 1024 1977 dignos
1045 1894 1079 1956 in
1100 1892 1256 1958 electione

11 2013 16 2022 .
133 1987 379 2064 proposuerunt,
409 1975 539 2040 tandem
561 1974 746 2057 Rodulfum,
772 1976 889 2041 ducem
911 1975 1101 2058 Suevorum,
1123 1977 1255 2061 regem‘¹

134 2061 197 2126 sibi
212 2061 359 2126 Saxones
381 2069 413 2124 et
428 2059 527 2126 Suevi
549 2058 751 2125 concorditer
772 2060 945 2146 elegerunt.
978 2062 1022 2124 At
1041 2081 1115 2124 cum
1137 2059 1257 2144 singuli

134 2145 288 2213 deberent
302 2167 376 2210 eum
397 2167 507 2230 regem
528 2143 670 2229 laudare,
692 2144 823 2233 quidam
842 2143 1014 2209 voluerunt
1034 2143 1158 2230 aliquas
1180 2165 1255 2208 con·

133 2231 275 2295 diciones
306 2231 523 2316 interponere,
557 2239 594 2294 ut
625 2229 686 2293 hac
717 2228 788 2316 lege
818 2251 893 2294 eum
926 2251 964 2293 su
989 2251 1023 2292 er
1048 2251 1082 2293 se
1113 2226 1256 2293 levarent

132 2337 256 2402 regem,
280 2315 431 2414 quatinus
453 2312 516 2377 sibi
538 2312 578 2378 de
600 2315 667 2378 suis
696 2314 821 2378 iniuriis
848 2251 1030 2399 speciadter
1054 2313 1256 2399 promitteret

132 2398 404 2464 iustificatmnem.
449 2397 526 2462 Otto
553 2419 692 2483 namque
721 2397 790 2460 dux
820 2420 886 2462 non
914 2399 1004 2484 prius
1026 2396 1156 2462 volebat
1179 2419 1255 2461 eum

133 2481 195 2547 sibi
216 2505 325 2567 regem
348 2483 551 2562 constituere,
576 2481 655 2544 nisi
682 2483 859 2547 romitteret
879 2481 1031 2546 honorem
1055 2481 1116 2546 sibi
1137 2481 1255 2545 iniuste

132 2567 275 2630 ablatum
297 2566 474 2630 restituere.
519 2564 573 2630 Sic
595 2503 703 2629 etalii
729 2564 821 2629 multi
843 2587 917 2629 suas
938 2565 1116 2650 singulares
1138 2586 1254 2629 causas

132 2652 216 2715 inter
240 2657 354 2722 onnnt,
384 2670 464 2735 quas
485 2657 521 2712 ut
541 2647 595 2712 ille
617 2671 651 2712 se
673 2659 890 2713 correcturum
936 2649 1112 2712 romitteret
1132 2647 1254 2713 volunt.

133 2672 237 2815 Quod
244 2732 423 2818 intelligens
439 2731 607 2818 apostolici
620 2731 746 2817 legatus
760 2733 831 2798 fieri
845 2754 905 2819 pro
930 2732 1019 2813 buit,
1034 2742 1067 2797 et
1081 2731 1254 2796 ostendens

133 2842 208 2884 eum
234 2841 299 2883 non
327 2814 524 2901 singulorum
547 2815 603 2880 sed
627 2817 849 2881 universorum
875 2815 944 2880 fore
969 2838 1094 2900 regem,
1121 2824 1158 2879 ut
1183 2815 1253 2878 uni-

131 2904 233 2968 versis
255 2903 374 2967 iustum
389 2922 423 2965 se
445 2901 655 2987 promitteret,
678 2901 754 2964 satis
775 2922 844 2965 esse
865 2897 1038 2999 perhibuit.
1075 2901 1132 2964 Ait
1145 2900 1253 2980 etiam,
1333 2969 1336 2978 ¹

132 2989 160 3052 si
181 3009 218 3053 eo
240 2987 337 3051 modo
360 3005 423 3084 quo
446 2993 598 3070 coeptum
626 2984 746 3067 fuerat,
775 2984 1041 3071 promrssionibus
1066 2982 1252 3070 singillatim

131 3073 316 3157 praemissis
338 3069 522 3155 ehgeretur,
551 3069 624 3154 ipsa
645 3067 757 3133 electio
778 3091 844 3133 non
866 3070 1007 3151 sincera,
1034 3068 1090 3133 sed
1111 3068 1251 3134 haeresis

132 3156 328 3219 simoniacae
350 3174 474 3218 veneno
495 3151 617 3239 polluta
638 3151 811 3218 videretur.
849 3153 974 3218 Tamen
996 3152 1155 3240 quaedam
1178 3159 1253 3216 sunt

131 3237 178 3303 ibi
199 3259 314 3302 causae
337 3235 519 3323 specialiter
539 3246 705 3324 exceptae,
728 3259 819 3323 quas,
842 3238 918 3323 quia
939 3237 1056 3302 iniuste
1070 3238 1252 3321 viguerant,

131 3322 263 3388 deberet
277 3321 464 3402 emendare;
487 3319 611 3386 seilicet
625 3331 661 3386 ut
675 3322 880 3407 episcopatus
901 3343 967 3384 non
988 3344 1047 3406 pro
1091 3321 1171 3385 retio
1192 3339 1253 3384 nec

130 3428 191 3493 pro
205 3405 347 3469 amicitia
362 3404 462 3484 daret,
485 3405 541 3469 sed
558 3405 731 3491 unicuique
746 3404 902 3470 ecclesiae
917 3405 956 3470 de
972 3405 1039 3468 suis
1053 3343 1252 3484 electionem,

131 3492 213 3555 sieut
238 3488 352 3554 iubent
373 3510 526 3570 canones,
554 3490 762 3574 permitteret.
804 3488 877 3552 Hoc
900 3488 996 3552 etiam
1025 3488 1073 3553 ibi
1094 3508 1252 3552 consensu

132 3574 294 3638 communi
327 3570 587 3659 comprobatum,
619 3573 756 3637 Romani
813 3571 951 3637 ontificis
983 3571 1171 3636 auctoritate
1204 3581 1253 3636 est

130 3657 382 3739 corroboratum,
414 3667 451 3722 ut
471 3657 561 3742 regia
576 3666 723 3804 potestas
743 3679 766 3720 n
811 3658 903 3742 iper
927 3655 1146 3735 hereditatem,
1169 3656 1253 3720 siout

130 3752 203 3808 ante
224 3741 285 3807 fuit
307 3740 515 3822 consuetudo,
538 3762 574 3806 ce
598 3751 674 3823 eret,
696 3741 753 3806 sed
774 3739 859 3804 filius
880 3743 976 3826 regis,
999 3740 1095 3804 etiam
1117 3739 1145 3803 si
1159 3737 1252 3804 valde

131 3825 248 3913 dignus
270 3834 364 3908 esset,
387 3825 514 3911 potiuse
541 3847 601 3911 per
622 3823 809 3890 electionem
831 3835 1051 3911 spontaneam,
1074 3844 1171 3910 quam
1193 3845 1252 3908 per

130 3909 343 3976 successionis
364 3908 482 3974 lineam
503 3931 563 3972 rex
583 3911 780 3994 proveniret;
802 3911 927 3974 sivero
949 3929 1015 3972 non
1029 3917 1114 3972 esset
1134 3906 1252 3992 dignus

129 3995 216 4081 regis
238 3994 338 4075 lilius,
367 3991 418 4058 vel
440 3993 468 4057 si
495 3991 594 4058 nollet
614 4015 687 4057 eum
714 3992 866 4080 populus,
896 4014 992 4079 quem
1013 4013 1123 4077 regem
1146 3991 1252 4056 facere

6 4125 11 4141 '
128 4136 151 4189 s)
168 4149 237 4188 quam
254 4142 273 4179 t.
334 4138 359 4192 b)
374 4140 430 4179 aaut
447 4141 467 4180 1.
491 4133 526 4180 lb.
588 4135 609 4189 c)
630 4138 767 4188 comedet,
788 4139 823 4178 ret
844 4136 939 4189 publice
961 4135 1081 4178 commode
1103 4138 1124 4178 2.
1186 4134 1209 4188 d)
1226 4137 1252 4177 tn

130 4207 208 4246 regem
225 4199 245 4239 2.
305 4195 329 4249 e)
344 4199 400 4238 dssst
417 4201 437 4240 1.
456 4193 490 4238 lb.

6 4305 13 4332 r
131 4311 159 4377 1)
179 4311 241 4362 Duo
266 4312 379 4365 adaram
404 4312 563 4366 Bernartius
593 4308 741 4362 cardinalis
768 4310 900 4362 diaeonus
930 4317 954 4362 et
984 4311 1143 4362 Bernartius
1168 4311 1251 4363 abbas

126 4382 311 4437 Massiliensis.
355 4383 390 4440 W.

975 4471 1020 4532 5*
