3098 4818
427 370 547 422 BRUNO
566 369 616 421 ΠΕ
635 371 754 422 BELLO
774 371 963 423 SAXONIOO.
1224 375 1254 426 71

139 535 300 602 ficiuntur.
343 536 398 600 Ex
419 538 537 602 nostris
557 539 666 624 itaque
680 538 776 622 primi
790 537 935 604 lecerunt
949 539 1067 625 fugam,
1090 542 1147 628 qui
1166 563 1334 614 num-rota.

140 641 236 706 quam
259 621 367 686 venire
389 620 575 686 debuissent
595 621 639 684 ad
663 643 817 707 pugnam,
845 625 989 709 episcopi
1018 623 1139 689 scilicet
1159 627 1353 690 amaseae·

139 705 287 786 nominis,
310 703 367 769 sed
388 715 425 769 ut
447 705 493 769 ita
515 704 620 769 dicam
641 727 707 769 non
722 707 838 770 unius³
861 707 991 790 ominis;
1013 716 1147 795 uterque
1169 711 1256 774 enim
1545 675 1546 770 l

139 787 349 853 Werinherus
371 799 515 854 vocatur.
559 788 625 854 Sed
646 788 954 938 Magadaburgensis
975 791 1017 857 ab
1038 790 1151 856 incolis
1171 792 1257 858 illius

138 873 262 958 patriae
282 873 495 958 interceptus,
526 871 752 937 miserabiliter
779 875 848 938 occi
872 875 950 954 itur3
980 875 1149 940 Mersehur
1171 878 1257 941 ensis

138 979 215 1020 vero
237 955 444 1041 despoliatus,
464 959 499 1019 in
519 959 657 1042 patriam
678 956 784 1020 nudus
804 959 984 1022 revertitur.
1020 959 1116 1040 Quod
1137 899 1183 1022 ili
1204 983 1257 1026 me

138 1041 225 1103 nonb
247 1041 288 1104 ad
311 1040 547 1121 contumeliam,
577 1041 722 1126 quisquis
744 1040 806 1104 hoc
827 1039 915 1126 legit,
943 1041 1001 1106 sed
1022 1043 1144 1107 dixisse
1165 1054 1258 1130 putet

137 1123 180 1186 ad
201 1121 353 1208 gloriam3
376 1125 453 1210 quia
473 1123 515 1188 ab
530 1126 632 1210 ipsius
648 1146 703 1189 ore
716 1145 782 1188 non
796 1124 894 1190 semel
909 1125 1027 1205 audivi,
1050 1125 1138 1213 quod
1152 1128 1258 1212 ipsam

137 1209 315 1272 nuditatem
336 1229 402 1272 non
422 1207 574 1272 tolerasse
594 1206 695 1273 nollet
708 1230 767 1293 pro
783 1209 925 1294 pondere
948 1210 1092 1296 quolibet
1112 1213 1183 1274 auri
1204 1211 1258 1274 vel

137 1292 273 1356 arenti.
323 1292 363 1355 In
395 1291 509 1356 eadem
537 1292 571 1354 fu
594 1315 615 1356 a
643 1303 718 1356 sunt
745 1295 832 1379 capti
859 1293 1064 1358 Bemhardus
1092 1295 1257 1359 Romanae

137 1313 223 1438 sedis
259 1375 504 1440 archidiaconus
516 1425 525 1458 ,
568 1315 742 1461 digilridus
782 1377 1002 1462 archipraesul
1036 1379 1256 1462 Magontinus,

136 1457 350 1524 Adalbertus⁶
371 1459 618 1524 Wormatiensis
647 1461 828 1546 episcopus.
881 1461 948 1526 Sed
977 1461 1058 1525 duos
1088 1461 1160 1526 illos
1192 1483 1259 1526 non

135 1540 231 1626 longe
252 1552 326 1629 post
352 1545 470 1628 eripuit
489 1545 554 1609 Dei
582 1543 759 1627 clementia,
787 1546 899 1610 tertius
920 1547 981 1611 iste
1009 1545 1183 1632 perductus
1210 1555 1260 1612 est

135 1627 170 1689 in
191 1626 337 1692 Heinrici
364 1627 500 1692 crudelis
526 1631 655 1714 tyranni
682 1630 909 1714 praesentiam3
943 1631 999 1717 qui
1025 1640 1133 1695 tamen
1161 1629 1258 1715 longe

135 1719 226 1794 post,
259 1711 361 1775 invito
389 1721 544 1796 tyranno,
577 1711 687 1776 divina
712 1711 866 1776 liberatur
893 1713 1123 1778 misericordia.
1167 1715 1257 1795 Quos

137 1815 248 1858 omnes
271 1795 348 1880 quia
368 1793 482 1859 melius
497 1794 642 1858 sciebant
680 1794 797 1858 salmos
813 1805 953 1876 cantare,
974 1817 1012 1860 co
1058 1797 1123 1861 uod
1144 1799 1258 1862 nutriti

136 1877 197 1941 sub
218 1875 276 1941 reli
301 1879 372 1941 'one
394 1889 513 1957 essent,
541 1901 638 1964 quam
656 1817 801 1963 legiones
822 1887 960 1943 armatas
981 1879 1024 1944 ad
1069 1879 1129 1945 ella
1150 1881 1259 1966 dispo·

135 1983 222 2041 nere,
245 1983 281 2025 so
294 1983 313 2025 ο
327 1963 399 2026 visu
419 1963 645 2048 proeliantium
659 1983 772 2027 versos
790 1963 825 2025 in
838 1961 959 2049 fugam,
981 1973 1071 2028 tanta
1084 1963 1256 2028 multitudo

137 2045 291 2131 sequitur,
324 2054 361 2109 ut
388 2069 447 2110 rex
473 2058 575 2112 totum
602 2046 778 2111 exercitum
805 2047 933 2132 penitus
955 2047 1052 2132 fugae
1074 2070 1108 2111 se
1130 2047 1257 2112 dedisse

136 2130 352 2195 arbitraretur.
397 2131 487 2212 Quos
510 2152 583 2194 cum
605 2153 665 2195 rex
692 2152 753 2194 nec
781 2133 951 2195 victoriam
979 2141 1099 2196 certam
1126 2132 1258 2216 promit·

135 2214 243 2296 tendo,
265 2236 326 2278 nec
341 2217 526 2280 servitutem
582 2225 729 2301 rpetuam
744 2216 806 2278 nisi
820 2214 956 2280 fuissent
968 2216 1089 2280 reversi
1104 2215 1257 2280 minando

135 2299 294 2384 potuisset
314 2321 476 2380 revocare,
499 2321 534 2363 so
549 2321 603 2362 um
625 2321 659 2364 se
674 2298 821 2364 relictum
843 2321 917 2364 cum
955 2300 1044 2364 aucis
1059 2299 1257 2382 existimans,

136 2383 244 2466 coepit
265 2385 344 2480 ‘ipse
377 2383 471 2447 etiam
505 2382 660 2468 paulatim
695 2384 885 2450 revertendo
919 2321 1081 2450 beomae
1112 2382 1257 2448 linibus(1

136 2486 407 2550 appropmquare.

221 2549 271 2617 97.
315 2550 453 2614 interea¹
463 2550 575 2631 nostri,
598 2551 654 2634 qui
674 2549 772 2614 fortes
794 2550 940 2615 hostibus
962 2573 997 2614 se
1011 2552 1116 2634 primo
1138 2553 1256 2616 miscu-

136 2640 236 2714 erant,
264 2633 363 2696 nichil
385 2632 425 2696 de
446 2642 520 2718 post
541 2642 633 2717 terga
659 2631 778 2698 relictis
806 2634 951 2714 scientes,
978 2635 1170 2698 adversariis
1191 2635 1256 2699 for-

136 2716 222 2780 tibus
236 2715 333 2780 fortes
347 2717 546 2796 resistebant,
561 2719 667 2780 minus
678 2738 754 2780 vero
765 2716 922 2780 fortibus⁰
937 2717 1049 2781 fortius
1063 2719 1256 2800 insistentes,

136 2821 192 2864 cos
213 2800 308 2886 fugae
337 2799 534 2886 praesidium
561 2811 670 2886 petere
700 2799 944 2886 compellebant
987 2800 1038 2864 Ibi
1060 2799 1193 2886 quidam
1215 2802 1257 2866 de

136 2885 254 2948 nostris
276 2883 497 2950 adversarium
511 2884 572 2948 sibi
587 2883 701 2948 videns
716 2885 857 2964 obvium,
880 2883 968 2948 velut
987 2907 1082 2949 suum
1105 2884 1258 2951 salutavit

138 2969 272 3049 socium,
304 2969 429 3033 dicens:
461 2967 591 3034 ‘Sancte
612 2968 732 3032 Petrel'
787 2967 852 3032 uod
884 2989 1001 3032 nomen
1024 2967 1170 3033 Saxones
1220 2992 1257 3035 ro

137 3051 284 3138 symbolo
306 3053 459 3118 tenebant
480 3073 592 3117 omnes
613 3053 647 3115 in
669 3074 733 3120 ore.
817 3073 927 3117 evero
941 3053 1077 3115 nimium
1099 3076 1137 3116 su
1162 2993 1257 3118 erhus

136 3145 170 3198 et
190 3146 315 3200 tantum
343 3136 489 3200 deridere
515 3158 634 3200 nomen
663 3157 807 3217 exorsus,
833 3137 867 3199 in
896 3137 966 3201 eius
994 3137 1116 3202 vertice
1138 3075 1258 3204 librato

136 3240 305 3283 mucrone:
327 3219 427 3302 ‘Hoc',
448 3221 563 3305 inquit,
586 3220 655 3284 ‘tibi
675 3230 750 3284 tuus
764 3221 878 3285 Petrus
900 3221 998 3284 mittit
1041 3242 1077 3284 ro
1099 3243 1231 3286 munere
1239 3221 1258 3282 l’

136 3312 170 3366 et
190 3301 333 3367 nondum
360 3325 542 3368 sermonem
563 3305 688 3368 linierat
707 3313 820 3385 totum,
850 3326 925 3367 cum
953 3302 986 3389 gl
1030 3305 1096 3367 ium
1120 3303 1258 3368 Saxonis

137 3384 266 3451 alterius
288 3389 323 3450 in
344 3388 475 3452 cerebro
496 3387 646 3470 hahebat,
667 3387 819 3451 dicentis:
842 3388 896 3451 ‘Et
915 3387 977 3451 hoc
996 3385 1117 3452 habeas
1140 3409 1258 3452 munus

137 3493 180 3535 ex
199 3480 290 3556 parte
311 3472 358 3536 tui
379 3471 535 3552 Heinrici,
557 3473 687 3556 tyranni
707 3471 938 3535 insanientisl’*
1267 3498 1365 3553 ipses,

221 3555 272 3618 98.
316 3554 530 3639 Hardwigus‘
558 3564 637 3619 tunc
666 3554 847 3638 Magantini
873 3553 1030 3640 praesulis
1060 3553 1256 3641 archicapel-

136 3636 238 3720 lanus,
265 3640 300 3701 in
320 3639 434 3704 eodem
456 3639 508 3704 die
537 3649 612 3724 post
635 3659 755 3701 annum
783 3637 897 3702 urbem
921 3638 1257 3723 Magedaburgensem

136 3721 356 3808 archipraesul
381 3725 593 3807 ingressurus,
625 3721 666 3785 ah
694 3720 833 3786 hostium
861 3721 1074 3803 multitudine,
1103 3745 1144 3787 ne
1172 3722 1256 3788 ullus

137 3807 168 3870 ei
199 3805 290 3870 locus
319 3817 403 3872 esset
430 3806 598 3888 evadendi,
630 3815 678 3870 est
711 3805 958 3871 circumdatus&
1011 3805 1074 3871 Oui
1106 3829 1179 3870 cum
1210 3805 1258 3872 illi

137 3889 227 3956 velut
255 3899 350 3977 capto
376 3890 546 3956 illudentes
567 3890 719 3970 dicerent,
749 3892 825 3976 quia
852 3889 1002 3956 libentius
1025 3913 1099 3954 eum
1125 3900 1202 3954 tunc
1222 3891 1259 3954 in

137 3976 242 4059 gratia
264 3975 387 4045 domini
416 3976 477 4058 sui,
504 3977 587 4038 sicut
608 3973 683 4039 olim
703 3973 773 4055 fuit,
802 3975 994 4060 aspicerent,
1021 3973 1075 4038 ille
1103 3975 1187 4038 sicut
1206 3975 1258 4038 vir

161 4057 280 4124 rudens
300 4061 346 4124 ita
366 4059 559 4144 temperavit
578 4079 778 4142 responsum,
810 4067 847 4122 ut
873 4079 933 4124 nec
960 4056 1165 4122 mendacium
1186 4079 1259 4144 pro·

137 4079 244 4225 lhrret,
273 4153 439 4208 ettamen
467 4164 522 4206 eos
548 4141 687 4208 fallendo
716 4140 895 4226 periculum
916 4163 1070 4227 praesens
1092 4141 1259 4207 devitaret.

139 4309 163 4362 a)
180 4314 257 4353 minus
274 4317 295 4355 1.
362 4309 563 4366 u)italb;dmt
579 4317 599 4355 1.
667 4312 973 4366 c)Adelb.1;Athelb.2.
1034 4310 1058 4363 d)
1074 4312 1106 4352 aa
1122 4313 1220 4363 &aaut
1237 4314 1260 4352 1.

138 4370 162 4422 a)
176 4371 248 4412 tortos
264 4375 284 4413 1.
343 4372 517 4425 oflordwigus
535 4377 559 4423 15
574 4374 724 4415 Hardewicns
741 4369 775 4414 1¹³.
835 4370 858 4424 c)
875 4371 1061 4413 mrcumvallstus
1077 4365 1111 4413 1¹³.
