3116 4822
287 393 323 441 44
473 392 523 441 DE
542 390 702 442 UNI'I'ATE
722 389 927 441 ECCLESIAE
948 389 1223 442 CONSERVANDA.

288 563 387 624 nitnrn
402 583 503 644 nequo
515 582 578 644 per
593 579 770 622 sermonem
785 580 887 643 neqne
903 580 969 643 per
983 558 1155 642 epistolant
1176 567 1336 642 tunquam
1345 581 1411 644 per

290 667 350 709 nos
372 645 516 708 missum.
556 642 712 706 Omnibus
735 651 852 723 antoni,
875 645 933 728 qni
955 645 1112 708 invocant
1133 666 1248 706 nonrcn
1271 643 1411 708 Domini

129 756 278 811 1.cor.1,r.s.
291 730 398 793 nostri
418 729 455 791 in
472 729 560 792 omni
581 727 649 791 loco
672 729 821 810 ipsorum
844 736 873 790 et
887 737 1008 808 nostro,
1030 730 1144 813 pratia
1167 737 1196 790 et
1205 749 1281 812 porc
1302 751 1324 790 a
1338 729 1410 792 Deo

285 823 385 898 patre
412 821 522 876 nostro
549 820 579 874 ot
608 811 738 875 donnino
761 811 837 874 Iesn
862 811 998 876 Christo.
1042 811 1116 876 Hoc
1139 813 1267 897 signum
1289 809 1412 893 salutis,

290 918 372 984 quae
401 895 442 960 ab
469 893 615 983 apostolo
644 892 738 958 nobis
769 904 897 981 optatur
924 905 956 960 et
984 917 1004 959 a
1031 895 1104 960 Deo
1133 897 1339 982 promittitur,
1368 895 1411 960 ah

289 989 420 1045 auctore
442 979 627 1079 propositae
648 977 802 1129 epistolae
818 977 912 1043 nobis
928 979 1135 1062 subtrahitur,
1158 981 1261 1066 gratia
1279 980 1412 1062 scilicet,

313 1088 355 1130 ua
382 1064 475 1129 nobrs
504 1074 639 1150 peccata
689 1072 833 1146 onentur,
859 1085 935 1149 pars,
958 1085 1022 1150 qua
1044 1065 1117 1128 Deo
1138 1063 1412 1130 reconciliemur&

288 1088 383 1216 blinds
412 1160 444 1214 et
472 1150 542 1234 ipse
567 1149 656 1213 venit
680 1147 803 1234 absque
830 1147 976 1214 doctrina
1006 1148 1134 1231 Christi,
1166 1150 1221 1236 qui
1243 1149 1411 1234 praecipit,

288 1255 403 1320 pacem
414 1234 519 1320 primo
531 1233 731 1302 auditoribus
749 1233 897 1331 proponi,
912 1233 1074 1318 quoniam,
1090 1235 1174 1298 sicut
1187 1256 1245 1320 per
1256 1234 1412 1298 Hesaiam

130 1319 481 1405 russanprophetam
509 1317 636 1398 dicitur,
665 1339 745 1402 opus
775 1317 914 1382 rustitiae
945 1327 993 1381 est
1017 1339 1085 1402 pax
1115 1328 1147 1382 et
1168 1318 1289 1382 fructus
1312 1317 1412 1382 labio·

145 1393 169 1432 et
177 1392 213 1442 er,
224 1391 258 1430 m.

289 1426 361 1468 rum
389 1401 453 1467 Dei
483 1423 549 1486 pax
581 1410 613 1466 et
641 1399 800 1466 hereditas
830 1399 984 1465 ecclesiae
1013 1411 1062 1466 est
1088 1423 1164 1488 pax.
1209 1402 1274 1467 Sed
1300 1411 1412 1466 contra

290 1486 454 1552 Christum
477 1495 509 1550 et
530 1483 698 1550 ecclesiam
719 1485 806 1566 facit,
830 1485 975 1572 quisquis
997 1495 1107 1550 contra
1128 1508 1242 1572 pacem
1263 1488 1350 1566 facit,
1372 1486 1413 1551 de

313 1592 427 1635 uorum
455 1591 590 1634 numero
623 1591 693 1634 esse
725 1569 921 1650 ostenditur,
952 1570 1017 1656 qui,
1046 1580 1159 1655 utpote
1187 1571 1240 1636 fur
1271 1581 1303 1636 et
1331 1570 1412 1635 latro

290 1594 420 1718 diunde
446 1655 570 1718 intrans
597 1655 639 1718 ad
667 1653 831 1718 doctrinae
858 1652 1010 1736 studium,
1039 1676 1136 1740 quam
1157 1677 1216 1740 per
1238 1656 1414 1738 Christum,

291 1741 348 1826 qui
370 1747 419 1804 est
441 1739 568 1821 ostium,
591 1759 654 1825 quo
676 1737 719 1801 ad
734 1735 868 1804 salutem
882 1741 1029 1820 intratur,
1050 1749 1148 1825 negat
1169 1741 1203 1804 in
1217 1741 1288 1824 ipso
1302 1739 1416 1804 limine

290 1825 468 1910 scripturae
500 1845 588 1905 suae,
621 1822 710 1908 quod
738 1822 815 1888 velit
847 1825 914 1888 suis
942 1823 1144 1888 auditoribus
1177 1823 1415 1906 salutationem,

291 1931 374 1995 quae
405 1909 499 1973 iuxta
529 1908 746 1973 testimonium
780 1907 866 1972 beati
893 1908 1069 1993 Augustini
1100 1931 1121 1974 a
1152 1909 1254 1974 salute
1284 1909 1416 1990 dicitur,

290 1993 496 2076 annuntiare,
520 1993 575 2078 qui
596 1992 702 2056 adhuc
724 1993 954 2058 contentiosius
975 2014 1072 2078 agere
1094 1992 1259 2080 probatur,
1282 1993 1415 2092 quando

291 2077 334 2141 ad
362 2077 599 2142 confirmandas
632 2078 888 2142 scismaticorum
919 2077 1041 2164 pariter
1072 2087 1168 2164 atque
1197 2076 1412 2143 heretrcorum

314 2171 398 2226 artes
423 2162 607 2226 testimonia
636 2162 757 2226 Sacrae
781 2161 966 2246 Scripturas
994 2161 1069 2226 hinc
1097 2161 1171 2228 inde
1195 2161 1413 2226 contrahendo

290 2183 424 2326 iuratur,
446 2255 482 2310 ut
502 2245 536 2308 in
557 2244 681 2309 insidiis
704 2255 735 2310 et
753 2247 843 2332 quasi
863 2267 924 2393 per
937 2245 1105 2310 latrocinia
1118 2247 1276 2332 quaedam
1291 2245 1414 2310 incauti

293 2329 504 2416 decipiantur.
530 2329 722 2415 Greporins,
733 2330 847 2416 inquit,
882 2333 1075 2395 nnocentins
1091 2341 1120 2394 et
1134 2354 1286 2416 sequaces
1301 2353 1412 2396 eornm

294 2436 400 2478 omncs
412 2413 551 2498 fortiter
572 2414 762 2500 inprobant
783 2415 947 2500 quodlibet
968 2415 1170 2480 sacerdotate
1193 2416 1338 2501 officinm
1369 2416 1411 2479 ob

293 2499 428 2562 ecclesio
449 2507 687 2582 separatorum.

377 2582 407 2646 3.
450 2582 548 2665 Ecce,
572 2582 732 2732 quomodo
754 2579 807 2647 ille
828 2583 975 2647 minister
996 2581 1126 2665 diaboli,
1149 2605 1224 2648 ecce
1248 2583 1411 2670 quomodo

292 2666 421 2749 insanit,
453 2688 570 2752 quomo
596 2689 614 2732 o
643 2689 702 2732 nos
731 2689 840 2733 secum
870 2669 904 2731 in
925 2667 1053 2732 foveam
1073 2667 1265 2753 perditionis
1286 2669 1413 2734 mittere

293 2751 428 2898 ppaerit,
457 2752 513 2837 qui
545 2753 632 2839 apud
663 2753 703 2818 13
731 2761 856 2816 tantum
889 2761 944 2816 aut
975 2751 1072 2836 paulo
1101 2752 1210 2838 plures
1243 2752 1412 2838 episcopos

326 2834 506 2900 ildebrandi
527 2857 631 2922 papae
654 2835 766 2900 scribit
787 2845 899 2902 sancta
912 2837 977 2901 Dei
992 2857 1061 2900 esse
1083 2835 1272 2915 sacerdotia,
1294 2847 1413 2902 eetero-

292 2942 365 2983 rum
396 2929 514 3001 autem,
545 2923 601 3006 qui
630 2931 705 2984 sunt
735 2943 794 3006 per
823 2919 934 2986 orbem
960 2929 1128 3002 terrarum,
1161 2922 1340 2986 sacerdotia
1370 2919 1412 2985 ab

292 3003 430 3069 ecclesia
450 3004 515 3068 Dei
542 3025 612 3069 esse
639 3013 797 3089 separata,
825 3024 898 3070 cum
927 3013 1013 3069 certe
1041 3027 1106 3069 non
1132 3003 1234 3068 solum
1261 3005 1413 3092 Gregorii

292 3097 388 3236 atpue
403 3089 583 3152 Innocentii
604 3089 832 3170 testimonium,
854 3089 911 3154 sed
926 3089 1070 3153 omnium
1086 3099 1269 3155 sanctorum
1284 3099 1412 3176 patrum

292 3173 326 3235 iu
350 3173 448 3236 icium
461 3172 636 3238 concordat
651 3195 724 3237 cum
739 3175 896 3239 sententia
909 3172 994 3238 beati
1010 3173 1036 3238 C
1060 3173 1166 3259 priani
1181 3175 1336 3261 episcopi,
1349 3195 1414 3260 qua

292 3266 442 3322 testatur1
458 3259 492 3320 in
502 3255 585 3321 libro
597 3257 637 3322 de
650 3258 772 3322 unitate
784 3257 947 3338 ecclesiae,
961 3280 1025 3344 quo
1060 3257 1183 3324 alienus
1195 3259 1245 3340 sit,
1256 3259 1412 3344 profanus

294 3343 344 3424 sit,
359 3341 459 3406 hostis
478 3342 530 3423 sit,
548 3342 636 3429 quod
650 3341 758 3409 Deum
776 3354 901 3427 patrem
916 3342 1034 3409 habere
1048 3364 1113 3406 non
1128 3345 1255 3430 poterit,
1275 3343 1332 3430 qui
1346 3365 1413 3408 non

292 3435 379 3491 tenet
399 3427 555 3492 unitatem
577 3424 742 3510 ecclesiae,
765 3449 862 3514 quam
881 3439 1115 3514 consequenter
1137 3429 1234 3492 etiam
1256 3427 1413 3494 describit

292 3533 391 3576 unum
407 3509 621 3576 sacerdotium
636 3509 764 3578 habere.
802 3527 874 3578 Nnc
892 3533 922 3578 nt
940 3527 1074 3590 cottana,
1093 3512 1206 3598 inquit,
1228 3527 1412 3594 missitaret

291 3601 432 3664 Doninns,
452 3600 563 3652 canatis
582 3601 638 3654 eins
658 3601 786 3666 oripinenr
805 3601 838 3650 ob
858 3618 911 3652 nno
930 3600 1097 3666 incipientem
1115 3621 1166 3654 sno
1181 3602 1336 3654 enebritute
1355 3601 1409 3653 die-

287 3675 389 3740 poenit,
418 3683 442 3727 et
466 3673 531 3739 quio
558 3683 634 3728 nont
658 3676 748 3742 ntique
774 3681 797 3726 et
820 3675 897 3726 ceteri
921 3674 1034 3740 apostoli
1056 3677 1129 3740 qnod
1146 3677 1206 3741 snit
1223 3675 1327 3734 Petrae,
1342 3673 1410 3739 pori

292 3749 422 3800 consortio
442 3746 563 3813 praediti
587 3756 611 3800 et
636 3749 742 3801 honoria
769 3755 792 3800 et
806 3747 952 3814 potestatis,
976 3749 1115 3800 exordium
1134 3750 1167 3800 ab
1186 3749 1287 3800 nnitotc
1300 3745 1408 3813 profici·

291 3821 384 3886 entur,
405 3829 434 3873 nt
453 3820 561 3872 ecelesia
580 3839 636 3872 nno
654 3829 819 3886 monstretur,
838 3839 918 3886 quon
937 3821 1033 3874 scilicet
1051 3823 1179 3874 unitatem
1197 3829 1282 3873 tenere
1293 3819 1410 3886 firmiter

291 3911 316 3958 et
334 3904 471 3956 uindicare
485 3903 607 3955 debenus
622 3905 735 3956 nonime
747 3922 805 3969 nos,
824 3889 938 3975 inquit,
960 3905 1083 3972 episcopi,
1102 3905 1149 3972 qni
1166 3904 1195 3955 in
1208 3903 1316 3956 ccclesia
1324 3919 1408 3968 proe-

291 3986 416 4046 sturnos,
435 3991 464 4036 ut
483 3987 661 4053 episcopatum
678 4003 781 4053 qnoque
800 4005 882 4038 nnnn
901 3995 978 4054 atque
996 3987 1142 4038 indivisum
1155 3986 1306 4052 prohemus.
1342 3969 1408 4036 Sed

290 4052 483 4121 Hildebrant
509 4077 595 4142 papa
622 4058 668 4119 sic
688 4055 799 4119 divisit
819 4057 914 4121 etiam
936 4055 1116 4120 sacerdotia
1137 4053 1408 4142 quemadmodum

291 4227 314 4280 a)
331 4231 361 4270 cic
374 4231 577 4280 pretermittendum
592 4241 648 4280 essc5
668 4231 848 4270 reconcilientur
864 4231 883 4270 1.

292 4370 321 4437 1)
342 4373 382 4424 Cf.
404 4375 530 4443 Cypriani
549 4375 647 4442 Opera,
666 4389 692 4440 p.
713 4372 775 4424 212.
790 4373 851 4424 213.
