3114 4814
303 351 354 401 106
484 348 534 400 DE
553 347 712 400 uulraru
732 345 938 398 inconuulsa
959 345 1234 399 CONSERVANDA.

300 527 1126 666 u2⁰ttrt‘²'tr⁰1ttr’1r{astantum
1154 512 1419 662 ildi'ebaplie'

299 625 343 750 blt
378 706 504 784 semper
539 682 718 782 sponsionis
756 693 789 747 ct
824 619 1353 766 desponsationispdcclcsiasticae
1385 692 1419 747 ct

301 769 480 835 dilectioms
498 768 571 848 Der,
594 775 626 830 et
647 786 711 829 non
733 765 941 830 obliviscatur
961 764 1046 830 illius
1069 765 1141 845 diei,
1165 787 1229 851 quo
1251 775 1419 832 assecutus

301 864 350 919 est
370 853 455 916 bunc
475 852 630 916 honorem
651 850 817 938 pontificii,
839 873 880 916 ne
903 849 985 916 ovile
1006 849 1139 916 Domini
1161 848 1282 936 praedo
1297 849 1418 914 violen-

300 947 352 1003 tus
373 939 472 1002 irrum
498 947 531 1001 at
552 945 584 1000 ct
605 935 766 1020 dispersas
787 933 846 1000 abs
870 956 911 999 ue
932 944 1061 1020 pastore
1080 956 1156 999 oves
1177 934 1230 998 fun
1243 943 1418 998 nocturnus

299 1021 440 1087 invadat.
508 1042 565 1086 cce
588 1020 673 1084 enim
695 1019 828 1105 quidam
848 957 939 1082 brun
960 1021 994 1084 in
1015 1018 1177 1084 desertum
1199 1017 1283 1082 ovile
1305 1019 1416 1084 ovium

161 1129 364 1185 10n10,1.n0n
390 1129 449 1192 per
471 1106 597 1185 ostium,
627 1102 683 1168 sed
707 1102 836 1168 aliunde
858 1103 1003 1169 ascendit
1023 1113 1065 1185 et,
1087 1103 1170 1167 sicut
1190 1104 1236 1167 ait
1255 1103 1417 1168 Dominus

276 1227 280 1236 ·
299 1191 398 1256 moris
413 1212 482 1255 esse
504 1189 566 1253 furi
580 1197 677 1274 atque
691 1185 817 1269 latroni,
839 1187 880 1252 ad
895 1187 956 1252 hoc
971 1189 1068 1270 venit,
1090 1197 1127 1252 ut
1146 1188 1266 1252 furtum
1287 1187 1416 1270 faceret,

298 1284 454 1340 mactaret
475 1282 507 1340 et
527 1271 686 1360 perderet.
718 1272 800 1336 Nam
816 1293 891 1336 cum
912 1294 977 1335 non
992 1281 1076 1337 esset
1096 1271 1313 1336 ecclesiastico
1328 1295 1417 1337 more

300 1359 419 1424 electus
453 1367 485 1422 et
513 1353 634 1456 populo
663 1356 830 1420 Mettensis
864 1355 1017 1420 ecclcsiae
1046 1356 1180 1422 fiiisset¹
1207 1357 1336 1456 ignotus
1368 1366 1416 1421 ut·

299 1453 375 1530 poto
407 1441 492 1506 filius
521 1438 690 1504 curusdam
722 1438 889 1505 Adalberti
918 1441 1045 1505 comitis
1074 1440 1114 1504 de
1143 1440 1313 1527 provrncia
1340 1439 1415 1504 Ala-

298 1527 458 1607 manniae,
479 1535 550 1590 tum
564 1523 617 1589 ille
633 1545 698 1587 non
713 1525 895 1610 episcopus,
918 1524 975 1589 sed
990 1535 1144 1610 tyrannus
1165 1526 1200 1589 in
1214 1525 1416 1591 multitudine

299 1611 392 1696 gravi
421 1609 652 1674 conductorum
679 1607 815 1673 militum
844 1608 886 1672 ad
913 1607 1026 1673 urbem
1053 1609 1243 1674 Mettensem
1272 1611 1417 1691 accessit,

299 1693 414 1760 caedes
436 1694 602 1758 bominum
624 1692 710 1774 lecit,
732 1715 790 1778 per
811 1693 982 1758 circuitum
1005 1694 1266 1759 sanctificationis
1288 1695 1416 1778 sangui-

298 1801 373 1842 nem
396 1778 457 1842 sibi
472 1777 721 1864 repugnantium
736 1777 858 1859 effudit,
880 1778 984 1876 ipsam
1007 1799 1135 1865 quoque
1151 1780 1282 1843 domum
1300 1779 1416 1842 sancti·

298 1863 456 1928 ficationis
479 1862 717 1944 contaminavit,
746 1863 832 1928 bona
860 1870 957 1926 et1am
986 1873 1018 1926 et
1045 1885 1096 1926 res
1127 1863 1229 1949 ipsius
1261 1863 1416 1928 ecclesiae

299 1947 518 2013 distribuendo
551 1945 742 2012 militaribus
772 1947 851 2010 viris
887 1946 1058 2032 dissipavit
1094 1953 1234 2034 ovesque
1266 1947 1417 2032 dispersit

300 2031 433 2116 Christi,
463 2032 517 2117 qui
546 2040 619 2116 post
651 2029 863 2116 aliquantum·
882 2038 1009 2117 tempus
1037 2040 1210 2116 conceptae
1236 2031 1415 2117 tyrannidis

298 2117 406 2203 ipsum
428 2137 555 2203 quoque
577 2136 695 2179 nomen
716 2115 823 2200 episco
849 2115 860 2176 i
881 2115 988 2178 amisit
999 2127 1019 2196 ¹,
1044 2117 1119 2201 quia
1133 2119 1308 2202 imperator
1328 2128 1416 2202 pote·

299 2209 413 2265 statem
443 2201 470 2263 ei
499 2201 705 2284 episcopatus
731 2137 872 2278 abstulit,
894 2208 1065 2284 postquam
1086 2209 1174 2264 tanta
1195 2201 1241 2265 ibi
1261 2223 1321 2286 per
1342 2223 1415 2266 eum

299 2283 369 2348 fieri
397 2282 548 2348 scandala
574 2281 739 2362 intellexit,
762 2303 845 2368 quae
867 2303 960 2346 nemo
983 2283 1079 2368 digne
1101 2283 1266 2370 deplorare
1288 2285 1415 2372 poterit.

300 2367 392 2432 Sicut
421 2367 505 2431 enim
532 2365 643 2430 scribit
669 2375 798 2430 sanctus
826 2365 893 2430 Leo
919 2379 1040 2452 papa²:
1072 2384 1252 2452 Principum,
1272 2401 1349 2450 quem
1368 2393 1415 2435 aur

299 2455 392 2508 ecditio
412 2456 519 2508 extorsit
538 2465 585 2507 aut
605 2457 717 2508 ambitae
736 2456 882 2522 occupauit,
903 2457 1006 2509 etiamsi
1016 2456 1132 2509 moribus
1152 2465 1229 2523 atque
1241 2458 1342 2509 actibus
1361 2475 1416 2510 aaa

299 2531 416 2596 offendit,
435 2531 492 2597 ipso
514 2537 600 2582 tamea
613 2529 685 2582 initii
697 2525 762 2581 autb
777 2539 814 2582 est
828 2529 995 2597 perniciosus
1015 2533 1140 2599 exemplo,
1159 2541 1183 2583 et
1196 2531 1303 2598 difficile
1322 2540 1367 2596 est,
1387 2539 1416 2583 at

300 2603 366 2656 boae
381 2613 550 2672 peragantur
569 2603 650 2670 exitu,
670 2621 739 2671 quae
757 2607 826 2655 malo
845 2613 907 2654 aaut
925 2604 1050 2655 inchoata
1064 2603 1207 2671 principio.
1235 2605 1327 2670 Neque
1344 2622 1415 2669 aero,

299 2672 373 2752 ali³,
396 2688 453 2738 ulla
472 2686 535 2737 sinit
561 2685 638 2751 ratio,
663 2695 692 2738 ut
710 2683 779 2737 iuter
799 2686 932 2753 episcopos
958 2688 1113 2753 habeantur,
1140 2687 1187 2754 qui
1210 2704 1258 2738 nec
1278 2705 1295 2738 a
1314 2687 1415 2738 clericis

299 2770 361 2814 aaut
386 2762 458 2814 electi
481 2778 529 2813 aaa
553 2778 570 2809 a
587 2760 710 2826 plebibus
730 2761 837 2826 eapctt'ti
860 2779 909 2812 aec
935 2779 960 2842 a·
973 2761 1185 2827 prouincialibus
1209 2760 1338 2826 episcopis
1356 2777 1415 2812 cam

298 2842 492 2909 metropolitani
516 2843 615 2894 iudicio
641 2843 793 2894 comesuri.
838 2828 926 2893 Ecce
951 2850 985 2890 m
1011 2829 1083 2914 ipsa
1110 2850 1238 2914 quoque
1265 2827 1416 2894 Mettensi

299 2911 435 2976 ccclesia
456 2933 514 2996 per
536 2909 647 2973 decern
669 2919 725 2973 aut
747 2931 784 2974 eo
807 2911 944 2997 amplius
966 2933 1067 2976 annos
1096 2914 1320 2998 praetermissa
1342 2921 1415 2977 sunt

300 3003 452 3059 consueta
479 2994 702 3080 episcoporum
725 2992 841 3077 officia,
864 3005 896 3060 et
916 3017 976 3061 nec
997 2995 1177 3060 chrismatis
1199 3019 1258 3061 nec
1278 2995 1415 3061 aliorum

299 3086 580 3159 sacramentorum,
609 3099 691 3223 <puae
718 3080 846 3162 proprie
874 3078 914 3143 ad
942 3080 1112 3166 episcopos
1133 3081 1302 3166 pertinent,
1323 3081 1415 3144 mini·

299 3163 397 3228 steria
418 3171 491 3225 sunt
512 3159 558 3224 ibi
580 3182 616 3224 ce
631 3160 749 3240 ebrau,
773 3164 841 3228 sine
864 3162 979 3250 quibus
1005 3187 1068 3230 non
1091 3175 1287 3252 potestesse
1315 3163 1413 3230 eccle·

298 3247 346 3310 sia
377 3245 451 3312 Dei.
495 3245 533 3310 In
562 3254 685 3310 tantum
711 3244 813 3310 valuit
840 3269 945 3312 sermo
973 3247 1176 3314 Hildebranti
1208 3271 1326 3337 papae,
1380 3249 1415 3313 ui

298 3330 387 3395 illum
411 3330 643 3394 Herimannum
666 3328 776 3394 docuit
798 3341 829 3396 et
851 3333 1000 3417 exemplo
1023 3343 1054 3398 et
1076 3335 1235 3420 scriptura
1256 3334 1296 3400 de
1314 3271 1414 3400 cable-

299 3416 347 3480 sia
376 3415 438 3480 sibi
465 3414 634 3478 commissa
663 3413 783 3497 fugere,
812 3424 848 3480 ut
876 3417 969 3482 iuxta
990 3417 1076 3502 quod
1098 3417 1215 3484 dicitur
1235 3441 1294 3504 per
1315 3417 1414 3482 Mala·

157 3520 213 3561 uer.
224 3521 244 3573 a,
253 3521 288 3564 12.
299 3499 404 3564 chiam
431 3498 636 3585 prophetam:
669 3498 853 3584 Disperdat
883 3502 1047 3568 Dominus
1075 3505 1182 3568 viram
1212 3507 1269 3589 qui
1293 3503 1427 3588 feccrit

298 3585 356 3648 boc
378 3593 407 3647 et
428 3585 622 3668 mapiatraru
645 3592 673 3647 et
694 3583 894 3669 discipulam
916 3587 954 3650 de
976 3586 1197 3652 tabernaculis
1219 3589 1328 3670 Iacob,
1357 3585 1414 3652 ubi

145 3675 346 3739 ronraraest
374 3667 579 3752 congregatio
609 3675 802 3748 sanctorum,
831 3671 983 3754 quoniam
1011 3673 1166 3737 maiorem
1197 3696 1288 3737 acmo
1321 3673 1415 3736 babet

299 3753 478 3832 caritatem,
509 3773 607 3836 quam
636 3759 671 3814 at
697 3752 843 3817 animam
870 3777 965 3819 auam
993 3759 1067 3854 puis
1086 3767 1192 3840 ponat
1208 3779 1274 3841 pro
1297 3759 1413 3822 amicis

298 3837 368 3898 suis
390 3836 483 3900 iuxta
503 3831 687 3921 exemplum
703 3832 787 3899 illius
811 3839 865 3922 qui
886 3838 1096 3906 essenualiter
1110 3839 1214 3905 bonus
1237 3851 1285 3904 est
1305 3849 1414 3926 pastor

155 3905 287 4008 ⁰²22*
299 3928 331 3984 et
351 3919 523 4006 episcopus
544 3919 722 3983 animarum
742 3931 931 3986 nostrarum.

213 3993 219 4018 ’
382 4005 433 4067 31.
478 4002 565 4084 Quid
594 4001 634 4067 de
657 4003 821 4069 Burcardo
850 4005 997 4089 dicimus,
1029 4030 1125 4094 quem
1147 4031 1206 4073 rex
1227 4008 1411 4073 Henrichus

298 4088 338 4152 de
359 4086 469 4152 infimo
499 4085 570 4152 loco
599 4087 773 4153 exaltatum
799 4089 875 4155 fecit
904 4091 1075 4178 quondam,
1104 4100 1140 4156 ut
1169 4101 1252 4158 esset
1277 4092 1414 4158 Halber·

297 4231 320 4286 a)
337 4243 357 4274 e.
373 4237 451 4283 utpote
468 4236 507 4284 qul
523 4235 538 4276 f.
555 4235 570 4274 t.
587 4239 610 4275 ct
625 4234 657 4276 fil.
676 4237 696 4278 1.
756 4234 780 4286 b)
797 4237 868 4276 initus
884 4238 921 4278 vls
937 4238 1025 4277 Hiasct.

298 4343 327 4412 1)
348 4346 537 4399 cf.ssern01di
557 4348 619 4401 chr.
644 4349 661 4400 l.
683 4366 706 4402 c.
732 4367 757 4418 p.
777 4351 840 4401 447.
861 4349 929 4416 4483
956 4351 989 4402 cf.
1009 4352 1089 4418 Hugo
1108 4352 1214 4404 Flavia.
1289 4350 1318 4414 2)
1344 4351 1412 4402 Hin-

297 4420 387 4472 schins
406 4419 424 4471 l.
445 4436 468 4472 c.
489 4439 513 4488 p.
535 4422 597 4476 622.
673 4421 702 4490 3)
721 4423 794 4474 Ibid.
812 4441 839 4490 p.
860 4422 922 4476 616.
