3114 4814
322 343 373 393 Du
392 345 550 398 UNITATE
570 345 776 398 ECCLESIAE
797 345 1072 398 consustinuit.
1203 346 1253 394 121

133 513 286 580 donensis
308 514 493 578 constitutio
516 513 643 599 synodi,
665 512 785 598 deque
806 523 934 578 sanctus
955 533 1041 598 papa
1057 511 1254 599 Gregorius¹

134 599 181 662 sic
203 596 316 662 scribit
337 597 420 662 inter
442 607 549 662 cetera
572 596 756 663 Secundino
779 618 871 662 servo
886 597 950 662 Dei
972 595 1109 662 incluso:
1133 613 1257 666 Mutata·

134 686 266 753 accipiens
285 685 433 738 dilectionis
452 696 514 739 tuae
533 689 641 754 scripta,
662 685 757 752 quibus
776 686 877 754 requeti
895 703 935 738 me
948 686 1063 738 libellum
1077 685 1256 739 enoratoriurn

134 759 181 812 tibi
204 761 325 822 scribere,
353 761 482 826 desydero
509 770 533 812 te
558 769 657 812 certum
683 776 745 823 esse,
772 759 837 825 quio
864 777 951 812 omnes
971 757 1094 812 ecclesiae
1114 761 1256 812 orientales

134 851 187 885 uno
207 850 295 896 sensu,
316 851 373 884 una
391 833 514 886 doctrina
533 842 654 884 sanctam
668 831 905 884 Chalcedonensem
918 834 1048 899 synodum
1067 833 1106 884 ita
1122 832 1256 884 nobiscum

134 907 285 958 custodiunt
305 914 383 972 atque
402 914 571 972 uenercmtur,
592 915 621 956 ut
645 907 736 957 nullus
760 905 919 971 reperiatur,
944 905 990 972 qui
1014 907 1131 958 eiusdem
1160 907 1257 972 spnodi

134 989 258 1056 defensor
283 997 444 1055 sectatorque
468 1007 522 1040 non
539 987 636 1056 fuerit.
680 987 754 1038 Unde
778 1005 882 1040 necesse
907 995 953 1052 est,
972 973 1086 1058 inquit,
1109 995 1138 1038 ut
1157 989 1255 1038 dulcis-

133 1061 202 1114 sima
228 1061 331 1114 dilectio
358 1069 407 1113 tua
433 1063 470 1113 ad
494 1063 531 1126 id,
556 1062 628 1128 quod
642 1062 789 1126 praecipue
814 1062 844 1111 in
864 1059 937 1112 bonis
956 1063 1072 1114 moribus
1091 1060 1165 1123 uiuit,
1184 1061 1256 1126 quod

134 1151 162 1187 se
180 1152 230 1201 per
246 1133 431 1186 abstinentiam
451 1135 555 1203 osflipit,
575 1135 646 1200 quod
665 1134 801 1186 doctrinae
813 1133 867 1184 Dei
886 1135 1061 1188 uehementius
1081 1133 1189 1196 insistit,
1209 1134 1257 1184 boc

134 1209 281 1260 studiosius
301 1207 401 1274 capitu,
420 1226 453 1260 ne
472 1226 587 1260 errorem
606 1208 813 1260 scismaticorum
832 1223 942 1272 sequens
962 1227 979 1258 a
997 1219 1092 1260 sancta
1108 1205 1258 1258 uniuersali

135 1281 245 1334 ecclesia
258 1280 346 1346 possit
364 1282 453 1334 diuisa
471 1281 595 1334 inveniri.
624 1281 661 1331 ut
676 1281 742 1345 quid
761 1287 796 1332 tot
815 1281 918 1332 labores
932 1283 1091 1347 proderunt,
1112 1281 1135 1332 si
1153 1281 1182 1330 in
1195 1281 1256 1331 uni-

135 1361 189 1406 tate
200 1353 269 1421 fidei
293 1372 348 1406 non
360 1355 468 1418 fuerint
493 1353 602 1418 inuenti,
629 1370 698 1418 quae
718 1363 779 1405 ante
799 1354 982 1419 omnipotentis
1001 1355 1055 1406 Dei
1074 1356 1162 1406 ocudss
1182 1354 1257 1405 bonis

134 1429 258 1494 operibus
285 1427 401 1478 animum
425 1429 574 1494 praecipue
603 1426 734 1478 custoditi
772 1427 843 1478 Hinc
875 1425 944 1478 enim
972 1429 1085 1479 dicitur:
1119 1427 1192 1478 ‘Una
1221 1429 1397 1483 seruantes.

134 1510 255 1562 catania
274 1527 341 1572 meo,
358 1510 479 1577 perfecta
498 1508 585 1577 meat
617 1493 738 1560 Contra
758 1495 838 1558 haec
866 1505 963 1580 atque
988 1496 1051 1559 alia
1073 1503 1255 1560 sanctorum

44 1617 47 1622 -
136 1599 295 1641 canonum
314 1587 433 1642 statute
451 1576 538 1643 aliud
554 1575 677 1663 aliquid
697 1600 792 1663 agere
815 1578 877 1641 hoc
899 1589 948 1644 est
968 1579 1105 1643 heresim
1129 1576 1256 1662 eligere,

134 1662 226 1725 cuius
259 1671 373 1725 auctor
409 1661 506 1725 simul
539 1671 571 1725 et
606 1663 862 1727 communicator
897 1663 1067 1749 principali
1101 1663 1258 1726 sententia

133 1745 351 1810 damnationis
374 1755 422 1809 est
444 1747 556 1832 utique
572 1745 755 1828 obstrictus,
776 1747 869 1809 iuxta
890 1747 977 1830 quod
1000 1746 1112 1811 scribit
1128 1757 1257 1810 sanctus

131 1850 220 1915 papa
242 1827 433 1895 Gelasius²t
459 1845 521 1908 Hic,
542 1829 657 1914 inquii,
687 1845 711 1896 si
737 1843 898 1896 examinatio
923 1846 1069 1910 quaeritur,
1095 1845 1120 1896 si
1143 1846 1257 1896 auctori·

132 1920 196 1970 tatis
217 1919 329 1986 pondus
353 1918 500 1985 inquiritur
519 1917 739 1970 Cisalcedonensis
759 1916 862 1983 spnodi,
889 1925 976 1968 tenore
995 1919 1068 1970 iltius
1087 1917 1256 1984 diffinitionis

133 1993 250 2044 executio
270 1992 410 2058 reperitur,
430 2009 481 2058 quo
501 1993 624 2043 damnati
641 1991 696 2042 illic
715 1991 812 2042 erroris
832 1990 1037 2042 communicator
1055 1993 1159 2056 effertus
1175 2007 1257 2056 proe-

125 2066 203 2132 fiuae
234 2065 408 2118 nibilominus
438 2066 576 2131 particeps
602 2065 783 2116 damnationis
814 2063 932 2127 exterus,
957 2066 1083 2130 quoniam
1108 2063 1177 2114 idem
1200 2061 1257 2130 ipse

136 2157 219 2202 error,
249 2141 295 2205 qui
322 2141 401 2190 semei
425 2147 461 2190 est
487 2156 545 2188 cum
570 2155 617 2189 suo
644 2145 750 2189 auctore
775 2137 928 2200 damnatus,
947 2139 976 2188 in
994 2137 1124 2202 participe
1144 2137 1258 2202 quolibet

128 2229 236 2278 prarm
250 2209 438 2264 communionis
451 2213 539 2277 effecto
556 2221 579 2262 et
593 2212 784 2263 execrationem
797 2211 840 2260 sui
850 2218 937 2276 qestat
950 2220 973 2262 et
981 2227 1107 2276 poenam.
1135 2209 1257 2271 Quibus³

134 2297 319 2346 conuenienter
332 2311 364 2346 en
372 2301 492 2360 paterna
505 2294 648 2346 traditione
656 2293 805 2359 perpensis,
821 2293 906 2358 quid⁴
920 2293 1082 2359 ambaqibus,
1099 2278 1213 2362 inquit,
1233 2301 1257 2344 et

132 2367 236 2419 nebulis
260 2367 314 2418 ista
335 2375 507 2432 praetercunt,
532 2373 561 2417 ut
585 2367 777 2432 impudentiam
796 2383 873 2417 suom
892 2375 1052 2432 mentemque
1071 2384 1197 2419 cesanam
1215 2366 1257 2417 in·

133 2441 229 2491 onibus
244 2442 336 2506 potius
348 2441 455 2506 fabulis
470 2441 555 2491 celare
568 2440 680 2493 letaliter
699 2456 778 2504 quam
792 2440 934 2505 prodendo
953 2440 1146 2492 medicinaliter
1158 2457 1257 2491 sanare

132 2521 311 2573 mutandam?
353 2507 449 2573 Sicut
475 2510 571 2590 enim,
600 2507 759 2592 inquiunt,
788 2517 922 2572 sanctus
938 2517 1039 2591 puter
1059 2509 1257 2572 Benedictus

132 2589 265 2654 audiuit
287 2614 308 2654 a
324 2591 454 2656 diabolo
471 2591 658 2658 ‘maledicte’
673 2599 702 2654 et
716 2613 783 2654 non
799 2591 980 2656 ‘benedicte’
994 2614 1051 2654 nec
1066 2591 1119 2655 illi
1133 2593 1254 2670 nocuit,

131 2675 182 2737 ita
211 2675 313 2738 ethis
341 2677 497 2762 Wiqberti
518 2699 585 2741 non
607 2675 731 2738 nocebit
752 2673 947 2740 maledictio.
983 2674 1111 2738 Veritas
1135 2675 1255 2760 quippe

130 2755 274 2842 loquitur
300 2759 335 2822 in
364 2759 532 2846 euangelio
560 2761 600 2824 de
623 2756 769 2822 diabolo:
801 2759 874 2840 Ille,
902 2757 1061 2844 inquiens,
1091 2759 1392 2828 nonsummum

131 2850 204 2904 erat
226 2842 266 2906 ab
288 2845 385 2908 initio
409 2848 494 2909 etin
516 2847 650 2908 ueritate
672 2865 738 2906 non
761 2845 855 2924 stetit,
880 2843 960 2929 quia
975 2846 1098 2907 ueritas
1121 2865 1188 2906 non
1211 2851 1257 2904 est

129 2926 169 2989 in
185 2947 230 2990 eo.
260 2924 344 3006 Qui⁵
361 2927 484 2993 scilicet
498 2927 611 2992 videns
626 2925 714 2990 idola
737 2925 894 2992 derelicta·
912 2936 944 2991 et
965 2925 1174 3012 pernimium
1191 2947 1255 2990 cre-

130 3008 275 3074 dentium
299 3012 456 3096 populum
477 3011 570 3076 sedes
593 3034 668 3076 suas
690 3032 728 3076 ac
751 3010 872 3097 templa
895 3011 1029 3092 deserte,
1061 3011 1256 3095 excogitauit

129 3115 249 3158 novam
276 3093 434 3178 fraudem,
465 3105 501 3160 ut
523 3095 583 3160 sub
606 3097 678 3180 ipso
702 3095 870 3160 christiani
890 3096 1029 3159 nominis
1053 3094 1145 3159 titulo
1167 3093 1257 3160 fallat

128 3177 295 3261 incautos3
319 3181 509 3266 heresesque
523 3181 646 3245 invenit
668 3189 700 3244 et
715 3179 875 3262 scismata,
898 3180 1017 3265 quibus
1032 3179 1256 3244 subvertereth

129 3259 247 3344 fidem,
284 3273 507 3348 corrumperet,
537 3265 715 3344 veritatem,
753 3264 914 3328 scinderet
949 3264 1114 3328 unitatem.
1165 3263 1256 3342 Quos

130 3343 275 3411 detinere
303 3370 368 3411 non
396 3357 502 3434 potest
530 3351 564 3412 in
585 3349 658 3412 viee
686 3348 804 3413 veteris
833 3348 997 3428 caecitate,
1020 3345 1256 3410 circumscribit

129 3432 208 3494 novi
228 3431 352 3496 itineris
375 3455 492 3514 errore,
514 3433 599 3517 rapit
621 3432 661 3496 de
683 3433 756 3518 ipsa
777 3431 914 3496 ecclesia
935 3430 1096 3511 homines3
1124 3438 1156 3495 et
1177 3429 1255 3492 dum

129 3513 194 3578 sibi
209 3518 489 3602 appropinquasse
510 3517 574 3580 iam
590 3516 706 3580 lumini
723 3525 821 3600 atque
836 3516 977 3580 evasisse
993 3513 1112 3579 saeculi
1127 3523 1255 3579 noctem

129 3596 293 3681 videntur,
315 3599 395 3666 alias
416 3599 634 3666 nescientibus
656 3599 806 3666 tenebras
827 3598 976 3681 infundit,
1004 3609 1041 3663 ut
1063 3620 1136 3662 cum
1159 3621 1254 3664 euan-

129 3681 216 3768 gelio
239 3694 290 3749 et⁰
309 3685 531 3750 observatione
550 3686 620 3750 eius
642 3695 674 3750 et
694 3683 765 3768 lege
782 3705 847 3748 non
870 3693 990 3749 stantes
1006 3681 1196 3747 christianos
1219 3705 1254 3747 se

127 3777 249 3832 vocent
276 3777 308 3832 et
336 3768 539 3834 ambulantes
568 3770 603 3832 in
631 3767 773 3834 tenebris
802 3767 921 3833 habere
949 3791 983 3832 se
1011 3767 1121 3832 lumen
1146 3767 1253 3832 existi-

128 3860 230 3934 ment,
257 3851 442 3919 blandiente
469 3854 653 3918 adversario
683 3863 780 3939 atque
813 3851 952 3934 fallente,
986 3853 1043 3937 qui
1076 3849 1252 3916 secundum
1287 3911 1333 3954 Μ

127 3933 268 4020 apostoli
291 3958 404 4002 vocem
426 3939 649 4022 transfiqurat
670 3961 703 4001 se
724 3935 810 4000 uelut
833 3937 985 4024 anpelum
1007 3936 1090 4000 lucis
1112 3945 1141 3998 et
1155 3937 1251 4000 mini·
1265 3923 1391 4023 11‚'14⁰²1'„

128 4028 215 4084 stros
249 4021 407 4086 subornat
442 4044 519 4086 suos
554 4021 641 4086 uelut
672 4023 839 4086 ministros
874 4023 1038 4101 iustitiae,
1074 4025 1253 4082 asserentes

126 4154 153 4209 ι)
170 4157 280 4198 existeret
295 4156 339 4197 Get.
400 4155 425 4208 b)
441 4157 621 4198 subvertor-toret
637 4157 658 4196 1.
720 4153 741 4206 c)
759 4167 810 4196 cum
828 4157 878 4198 aaa.
896 4155 958 4206 cypr.

129 4253 160 4318 1)
187 4251 311 4317 Gregorii
335 4253 475 4320 Epistulae
503 4253 553 4316 IX,
575 4253 641 4317 1473
671 4254 746 4304 euius
770 4253 854 4302 verbs
879 4256 970 4302 noster
987 4249 1068 4300 valde
1093 4249 1253 4300 immutavit.

127 4323 160 4394 2)
180 4325 261 4376 Thiel
278 4342 306 4392 p.
327 4326 389 4378 398.
409 4327 472 4378 399.
548 4327 576 4391 3)
595 4325 667 4378 Ibid.
687 4343 714 4393 p.
730 4325 792 4378 set.
858 4323 888 4390 4)
907 4323 980 4374 Ibid.
1000 4341 1026 4389 p.
1043 4320 1106 4373 425.
1174 4322 1201 4383 6)
1221 4322 1254 4372 In

128 4399 309 4465 sequentibus
329 4405 424 4451 auctor
443 4399 615 4466 cyprianum,
635 4401 725 4467 Opere
747 4417 774 4468 p.
795 4399 857 4451 211.
878 4398 940 4462 212,
960 4398 1090 4463 sequitur.
