<?xml version="1.0" encoding="UTF-8"?>
<!DOCTYPE html PUBLIC "-//W3C//DTD XHTML 1.0 Transitional//EN"
    "http://www.w3.org/TR/xhtml1/DTD/xhtml1-transitional.dtd">
<html xmlns="http://www.w3.org/1999/xhtml" xml:lang="en" lang="en">
 <head>
  <title>
</title>
<meta http-equiv="Content-Type" content="text/html;charset=utf-8" />
  <meta name='ocr-system' content='tesseract 3.04.00' />
  <meta name='ocr-capabilities' content='ocr_page ocr_carea ocr_par ocr_line ocrx_word'/>
</head>
<body>
  <div class='ocr_page' id='page_1' title='image "./waltramiutvidet01schwgoog_0139.png"; bbox 0 0 3114 4814; ppageno 0'>
   <div class='ocr_carea' id='block_1_1' title="bbox 311 333 1264 391">
    <p class='ocr_par' dir='ltr' id='par_1_1' title="bbox 311 333 1264 391">
     <span class='ocr_line' id='line_1_1' title="bbox 311 333 1264 391; baseline 0.005 -8"><span class='ocrx_word' id='word_1_1' title='bbox 311 333 363 383; x_wconf 80' lang='lat' dir='ltr'>DE</span> <span class='ocrx_word' id='word_1_2' title='bbox 383 333 542 384; x_wconf 80' lang='lat' dir='ltr'><strong>UNITATE</strong></span> <span class='ocrx_word' id='word_1_3' title='bbox 561 333 767 386; x_wconf 77' lang='lat' dir='ltr'>nccnnslsn</span> <span class='ocrx_word' id='word_1_4' title='bbox 790 335 1069 391; x_wconf 78' lang='lat' dir='ltr'>CONSERVANDA.</span> <span class='ocrx_word' id='word_1_5' title='bbox 1212 339 1264 389; x_wconf 77' lang='lat'>113</span> 
     </span>
    </p>
   </div>
   <div class='ocr_carea' id='block_1_2' title="bbox 75 499 1423 2403">
    <p class='ocr_par' dir='ltr' id='par_1_2' title="bbox 133 499 1416 1176">
     <span class='ocr_line' id='line_1_2' title="bbox 140 499 1265 648; baseline 0.005 -82"><span class='ocrx_word' id='word_1_6' title='bbox 140 500 299 584; x_wconf 79' lang='lat' dir='ltr'><strong>Salvator,</strong></span> <span class='ocrx_word' id='word_1_7' title='bbox 330 501 387 648; x_wconf 58' lang='lat' dir='ltr'>pai</span> <span class='ocrx_word' id='word_1_8' title='bbox 416 500 478 564; x_wconf 90' lang='lat' dir='ltr'>hoc</span> <span class='ocrx_word' id='word_1_9' title='bbox 508 501 542 564; x_wconf 94' lang='lat' dir='ltr'>in</span> <span class='ocrx_word' id='word_1_10' title='bbox 569 499 740 585; x_wconf 83' lang='lat' dir='ltr'>euangelio</span> <span class='ocrx_word' id='word_1_11' title='bbox 770 511 839 566; x_wconf 87' lang='lat' dir='ltr'>orat</span> <span class='ocrx_word' id='word_1_12' title='bbox 865 513 897 568; x_wconf 89' lang='lat' dir='ltr'>et</span> <span class='ocrx_word' id='word_1_13' title='bbox 917 502 979 568; x_wconf 92' lang='lat' dir='ltr'>hoc</span> <span class='ocrx_word' id='word_1_14' title='bbox 1001 503 1072 570; x_wconf 86' lang='lat' dir='ltr'>fieri</span> <span class='ocrx_word' id='word_1_15' title='bbox 1093 505 1265 590; x_wconf 79' lang='lat' dir='ltr'><strong>desiderat,</strong></span> 
     </span>
     <span class='ocr_line' id='line_1_3' title="bbox 138 585 1416 676; baseline 0.009 -28"><span class='ocrx_word' id='word_1_16' title='bbox 138 595 186 667; x_wconf 91' lang='lat' dir='ltr'>ut,</span> <span class='ocrx_word' id='word_1_17' title='bbox 209 605 329 671; x_wconf 87' lang='lat' dir='ltr'>quomo</span> <span class='ocrx_word' id='word_1_18' title='bbox 354 606 373 648; x_wconf 97' lang='lat' dir='ltr'>o</span> <span class='ocrx_word' id='word_1_19' title='bbox 395 605 497 648; x_wconf 92' lang='lat' dir='ltr'>unum</span> <span class='ocrx_word' id='word_1_20' title='bbox 525 594 600 649; x_wconf 89' lang='lat' dir='ltr'>sunt</span> <span class='ocrx_word' id='word_1_21' title='bbox 621 586 717 649; x_wconf 86' lang='lat' dir='ltr'>Pater</span> <span class='ocrx_word' id='word_1_22' title='bbox 745 595 778 650; x_wconf 93' lang='lat' dir='ltr'>et</span> <span class='ocrx_word' id='word_1_23' title='bbox 798 585 911 669; x_wconf 85' lang='lat' dir='ltr'>Filius,</span> <span class='ocrx_word' id='word_1_24' title='bbox 933 590 980 652; x_wconf 91' lang='lat' dir='ltr'>sic</span> <span class='ocrx_word' id='word_1_25' title='bbox 1002 599 1034 654; x_wconf 91' lang='lat' dir='ltr'>et</span> <span class='ocrx_word' id='word_1_26' title='bbox 1055 611 1114 654; x_wconf 90' lang='lat' dir='ltr'>nos</span> <span class='ocrx_word' id='word_1_27' title='bbox 1135 592 1170 654; x_wconf 95' lang='lat' dir='ltr'>in</span> <span class='ocrx_word' id='word_1_28' title='bbox 1192 593 1265 676; x_wconf 92' lang='lat' dir='ltr'>ipsa</span> <span class='ocrx_word' id='word_1_29' title='bbox 1274 606 1325 648; x_wconf 83' lang='lat'><strong>1011·</strong></span> <span class='ocrx_word' id='word_1_30' title='bbox 1335 608 1371 660; x_wconf 74' lang='lat'>1⁷,</span> <span class='ocrx_word' id='word_1_31' title='bbox 1380 609 1416 649; x_wconf 73' lang='lat'>²1·</span> 
     </span>
     <span class='ocr_line' id='line_1_4' title="bbox 138 668 1402 760; baseline 0.004 -27"><span class='ocrx_word' id='word_1_32' title='bbox 138 669 263 734; x_wconf 84' lang='lat' dir='ltr'>unitate</span> <span class='ocrx_word' id='word_1_33' title='bbox 284 689 482 733; x_wconf 89' lang='lat' dir='ltr'>maneamus.</span> <span class='ocrx_word' id='word_1_34' title='bbox 524 668 592 750; x_wconf 92' lang='lat' dir='ltr'>llle,</span> <span class='ocrx_word' id='word_1_35' title='bbox 614 670 758 756; x_wconf 90' lang='lat' dir='ltr'>inquam,</span> <span class='ocrx_word' id='word_1_36' title='bbox 779 679 891 736; x_wconf 87' lang='lat' dir='ltr'>nostra</span> <span class='ocrx_word' id='word_1_37' title='bbox 909 673 1086 758; x_wconf 80' lang='lat' dir='ltr'>respiciens</span> <span class='ocrx_word' id='word_1_38' title='bbox 1107 684 1264 760; x_wconf 83' lang='lat' dir='ltr'>tempora,</span> <span class='ocrx_word' id='word_1_39' title='bbox 1273 695 1329 738; x_wconf 75' lang='lat' dir='ltr'>uua</span> <span class='ocrx_word' id='word_1_40' title='bbox 1337 695 1372 748; x_wconf 78' lang='grc' dir='ltr'>ιε,</span> <span class='ocrx_word' id='word_1_41' title='bbox 1381 695 1402 738; x_wconf 89' lang='lat' dir='ltr'>s.</span> 
     </span>
     <span class='ocr_line' id='line_1_5' title="bbox 137 751 1263 842; baseline 0.004 -26"><span class='ocrx_word' id='word_1_42' title='bbox 137 751 283 840; x_wconf 85' lang='lat' dir='ltr'>loquitur</span> <span class='ocrx_word' id='word_1_43' title='bbox 310 755 393 818; x_wconf 80' lang='lat' dir='ltr'>inter</span> <span class='ocrx_word' id='word_1_44' title='bbox 408 763 530 817; x_wconf 86' lang='lat' dir='ltr'>cetera:</span> <span class='ocrx_word' id='word_1_45' title='bbox 552 753 670 835; x_wconf 80' lang='lat' dir='ltr'>Fidias,</span> <span class='ocrx_word' id='word_1_46' title='bbox 692 754 850 841; x_wconf 91' lang='lat' dir='ltr'>inquiens,</span> <span class='ocrx_word' id='word_1_47' title='bbox 874 756 1013 821; x_wconf 75' lang='lat' dir='ltr'>hernicis</span> <span class='ocrx_word' id='word_1_48' title='bbox 1035 781 1107 822; x_wconf 84' lang='lat' dir='ltr'>enm</span> <span class='ocrx_word' id='word_1_49' title='bbox 1128 761 1263 842; x_wconf 78' lang='lat' dir='ltr'>canerit,</span> 
     </span>
     <span class='ocr_line' id='line_1_6' title="bbox 133 837 1266 936; baseline 0.005 -34"><span class='ocrx_word' id='word_1_50' title='bbox 133 847 241 936; x_wconf 77' lang='lat' dir='ltr'>pistas</span> <span class='ocrx_word' id='word_1_51' title='bbox 263 839 407 902; x_wconf 83' lang='lat' dir='ltr'>inveniet</span> <span class='ocrx_word' id='word_1_52' title='bbox 419 838 523 920; x_wconf 82' lang='lat' dir='ltr'>fidem</span> <span class='ocrx_word' id='word_1_53' title='bbox 543 840 582 902; x_wconf 84' lang='lat' dir='ltr'>in</span> <span class='ocrx_word' id='word_1_54' title='bbox 603 837 716 902; x_wconf 76' lang='lat' dir='ltr'>terro?</span> <span class='ocrx_word' id='word_1_55' title='bbox 760 838 861 903; x_wconf 84' lang='lat' dir='ltr'>Verbi</span> <span class='ocrx_word' id='word_1_56' title='bbox 889 841 1010 924; x_wconf 85' lang='lat' dir='ltr'>gratia:</span> <span class='ocrx_word' id='word_1_57' title='bbox 1039 862 1116 907; x_wconf 88' lang='lat' dir='ltr'>ecoe</span> <span class='ocrx_word' id='word_1_58' title='bbox 1144 843 1266 908; x_wconf 89' lang='lat' dir='ltr'>iuravit</span> 
     </span>
     <span class='ocr_line' id='line_1_7' title="bbox 138 921 1265 1012; baseline 0.005 -28"><span class='ocrx_word' id='word_1_59' title='bbox 138 923 326 1007; x_wconf 79' lang='lat' dir='ltr'>imperatori</span> <span class='ocrx_word' id='word_1_60' title='bbox 337 921 501 1006; x_wconf 81' lang='lat' dir='ltr'>Egbertus</span> <span class='ocrx_word' id='word_1_61' title='bbox 517 921 670 1003; x_wconf 88' lang='lat' dir='ltr'>marchio,</span> <span class='ocrx_word' id='word_1_62' title='bbox 683 930 720 985; x_wconf 90' lang='lat' dir='ltr'>ut</span> <span class='ocrx_word' id='word_1_63' title='bbox 733 921 837 986; x_wconf 90' lang='lat' dir='ltr'>fidehs</span> <span class='ocrx_word' id='word_1_64' title='bbox 851 923 882 988; x_wconf 93' lang='lat' dir='ltr'>ei</span> <span class='ocrx_word' id='word_1_65' title='bbox 898 935 992 1006; x_wconf 90' lang='lat' dir='ltr'>esset,</span> <span class='ocrx_word' id='word_1_66' title='bbox 1008 925 1100 991; x_wconf 87' lang='lat' dir='ltr'>iuxta</span> <span class='ocrx_word' id='word_1_67' title='bbox 1111 926 1199 1012; x_wconf 91' lang='lat' dir='ltr'>quod</span> <span class='ocrx_word' id='word_1_68' title='bbox 1209 925 1265 990; x_wconf 90' lang='lat' dir='ltr'>ad·</span> 
     </span>
     <span class='ocr_line' id='line_1_8' title="bbox 139 1003 1264 1090; baseline 0.005 -22"><span class='ocrx_word' id='word_1_69' title='bbox 139 1015 250 1070; x_wconf 88' lang='lat' dir='ltr'>monet</span> <span class='ocrx_word' id='word_1_70' title='bbox 277 1005 443 1090; x_wconf 88' lang='lat' dir='ltr'>apostolus</span> <span class='ocrx_word' id='word_1_71' title='bbox 472 1027 584 1070; x_wconf 88' lang='lat' dir='ltr'>servos</span> <span class='ocrx_word' id='word_1_72' title='bbox 607 1003 729 1070; x_wconf 77' lang='lat' dir='ltr'>Christi</span> <span class='ocrx_word' id='word_1_73' title='bbox 752 1007 883 1072; x_wconf 89' lang='lat' dir='ltr'>obedire</span> <span class='ocrx_word' id='word_1_74' title='bbox 913 1007 1052 1073; x_wconf 91' lang='lat' dir='ltr'>dominis</span> <span class='ocrx_word' id='word_1_75' title='bbox 1080 1008 1264 1074; x_wconf 84' lang='lat' dir='ltr'>carnalibus</span> 
     </span>
     <span class='ocr_line' id='line_1_9' title="bbox 138 1087 1264 1176; baseline 0.005 -24"><span class='ocrx_word' id='word_1_76' title='bbox 138 1090 224 1154; x_wconf 87' lang='lat' dir='ltr'>siout</span> <span class='ocrx_word' id='word_1_77' title='bbox 246 1087 386 1155; x_wconf 85' lang='lat' dir='ltr'>Ohristo.</span> <span class='ocrx_word' id='word_1_78' title='bbox 430 1088 528 1170; x_wconf 79' lang='lat' dir='ltr'>Quod</span> <span class='ocrx_word' id='word_1_79' title='bbox 549 1088 674 1154; x_wconf 88' lang='lat' dir='ltr'>scilicet</span> <span class='ocrx_word' id='word_1_80' title='bbox 694 1088 911 1156; x_wconf 89' lang='lat' dir='ltr'>iuramentum</span> <span class='ocrx_word' id='word_1_81' title='bbox 933 1093 961 1155; x_wconf 88' lang='lat' dir='ltr'>si</span> <span class='ocrx_word' id='word_1_82' title='bbox 984 1093 1026 1157; x_wconf 92' lang='lat' dir='ltr'>sit</span> <span class='ocrx_word' id='word_1_83' title='bbox 1047 1092 1264 1176; x_wconf 86' lang='lat' dir='ltr'>observatum,</span> 
     </span>
    </p>

    <p class='ocr_par' dir='ltr' id='par_1_3' title="bbox 75 1171 1423 2403">
     <span class='ocr_line' id='line_1_10' title="bbox 75 1171 1264 1262; baseline 0.004 -25"><span class='ocrx_word' id='word_1_84' title='bbox 75 1188 79 1192; x_wconf 86' lang='grc'><em>·</em></span> <span class='ocrx_word' id='word_1_85' title='bbox 139 1172 303 1259; x_wconf 92' lang='lat' dir='ltr'>quomodo</span> <span class='ocrx_word' id='word_1_86' title='bbox 325 1175 417 1238; x_wconf 87' lang='lat' dir='ltr'>iuxta</span> <span class='ocrx_word' id='word_1_87' title='bbox 438 1175 628 1238; x_wconf 89' lang='lat' dir='ltr'>sententiam</span> <span class='ocrx_word' id='word_1_88' title='bbox 650 1171 735 1238; x_wconf 88' lang='lat' dir='ltr'>illius</span> <span class='ocrx_word' id='word_1_89' title='bbox 758 1176 924 1261; x_wconf 88' lang='lat' dir='ltr'>scriptoris</span> <span class='ocrx_word' id='word_1_90' title='bbox 945 1177 980 1239; x_wconf 89' lang='lat' dir='ltr'>in</span> <span class='ocrx_word' id='word_1_91' title='bbox 998 1177 1142 1262; x_wconf 87' lang='lat' dir='ltr'>peiorem</span> <span class='ocrx_word' id='word_1_92' title='bbox 1157 1178 1264 1262; x_wconf 86' lang='lat' dir='ltr'>vergit</span> 
     </span>
     <span class='ocr_line' id='line_1_11' title="bbox 139 1255 1265 1326; baseline 0.004 -4"><span class='ocrx_word' id='word_1_93' title='bbox 139 1255 289 1322; x_wconf 79' lang='lat' dir='ltr'>exitum?</span> <span class='ocrx_word' id='word_1_94' title='bbox 320 1258 471 1324; x_wconf 72' lang='lat' dir='ltr'>Fortasse</span> <span class='ocrx_word' id='word_1_95' title='bbox 493 1257 713 1323; x_wconf 87' lang='lat' dir='ltr'>nobilissimus</span> <span class='ocrx_word' id='word_1_96' title='bbox 735 1256 788 1323; x_wconf 92' lang='lat' dir='ltr'>ille</span> <span class='ocrx_word' id='word_1_97' title='bbox 810 1258 996 1323; x_wconf 83' lang='lat' dir='ltr'>adolescens</span> <span class='ocrx_word' id='word_1_98' title='bbox 1019 1260 1126 1324; x_wconf 89' lang='lat' dir='ltr'>adhuc</span> <span class='ocrx_word' id='word_1_99' title='bbox 1141 1261 1265 1326; x_wconf 86' lang='lat' dir='ltr'>viveret</span> 
     </span>
     <span class='ocr_line' id='line_1_12' title="bbox 138 1342 1263 1430; baseline 0.002 -24"><span class='ocrx_word' id='word_1_100' title='bbox 138 1349 173 1406; x_wconf 87' lang='lat' dir='ltr'>et</span> <span class='ocrx_word' id='word_1_101' title='bbox 195 1343 319 1406; x_wconf 85' lang='lat' dir='ltr'>occisus</span> <span class='ocrx_word' id='word_1_102' title='bbox 342 1364 406 1406; x_wconf 91' lang='lat' dir='ltr'>non</span> <span class='ocrx_word' id='word_1_103' title='bbox 429 1351 523 1423; x_wconf 90' lang='lat' dir='ltr'>esset,</span> <span class='ocrx_word' id='word_1_104' title='bbox 552 1343 579 1404; x_wconf 91' lang='lat' dir='ltr'>si</span> <span class='ocrx_word' id='word_1_105' title='bbox 602 1343 695 1406; x_wconf 86' lang='lat' dir='ltr'>iuxta</span> <span class='ocrx_word' id='word_1_106' title='bbox 722 1342 756 1406; x_wconf 94' lang='lat' dir='ltr'>id</span> <span class='ocrx_word' id='word_1_107' title='bbox 780 1342 868 1428; x_wconf 94' lang='lat' dir='ltr'>quod</span> <span class='ocrx_word' id='word_1_108' title='bbox 889 1344 1052 1408; x_wconf 87' lang='lat' dir='ltr'>iuraverat</span> <span class='ocrx_word' id='word_1_109' title='bbox 1074 1345 1263 1430; x_wconf 87' lang='lat' dir='ltr'>imperatori</span> 
     </span>
     <span class='ocr_line' id='line_1_13' title="bbox 136 1423 1263 1514; baseline 0.004 -26"><span class='ocrx_word' id='word_1_110' title='bbox 136 1423 243 1490; x_wconf 86' lang='lat' dir='ltr'>fidelis</span> <span class='ocrx_word' id='word_1_111' title='bbox 270 1435 355 1490; x_wconf 91' lang='lat' dir='ltr'>esset</span> <span class='ocrx_word' id='word_1_112' title='bbox 383 1435 415 1491; x_wconf 89' lang='lat' dir='ltr'>et</span> <span class='ocrx_word' id='word_1_113' title='bbox 440 1425 597 1513; x_wconf 83' lang='lat' dir='ltr'>pacificus</span> <span class='ocrx_word' id='word_1_114' title='bbox 623 1426 796 1509; x_wconf 82' lang='lat' dir='ltr'>extitisset3</span> <span class='ocrx_word' id='word_1_115' title='bbox 826 1437 859 1492; x_wconf 87' lang='lat' dir='ltr'>et</span> <span class='ocrx_word' id='word_1_116' title='bbox 886 1427 913 1490; x_wconf 90' lang='lat' dir='ltr'>si</span> <span class='ocrx_word' id='word_1_117' title='bbox 940 1427 1046 1492; x_wconf 91' lang='lat' dir='ltr'>eidem</span> <span class='ocrx_word' id='word_1_118' title='bbox 1075 1429 1263 1514; x_wconf 88' lang='lat' dir='ltr'>imperatori</span> 
     </span>
     <span class='ocr_line' id='line_1_14' title="bbox 136 1509 1265 1596; baseline 0.005 -24"><span class='ocrx_word' id='word_1_119' title='bbox 136 1509 318 1576; x_wconf 88' lang='lat' dir='ltr'>iuramenta</span> <span class='ocrx_word' id='word_1_120' title='bbox 345 1531 404 1574; x_wconf 87' lang='lat' dir='ltr'>sua</span> <span class='ocrx_word' id='word_1_121' title='bbox 430 1519 612 1576; x_wconf 86' lang='lat' dir='ltr'>servassent</span> <span class='ocrx_word' id='word_1_122' title='bbox 640 1512 804 1596; x_wconf 88' lang='lat' dir='ltr'>principes</span> <span class='ocrx_word' id='word_1_123' title='bbox 833 1513 934 1596; x_wconf 80' lang='lat' dir='ltr'>regni,</span> <span class='ocrx_word' id='word_1_124' title='bbox 956 1521 1044 1577; x_wconf 87' lang='lat' dir='ltr'>certo</span> <span class='ocrx_word' id='word_1_125' title='bbox 1065 1533 1130 1576; x_wconf 94' lang='lat' dir='ltr'>non</span> <span class='ocrx_word' id='word_1_126' title='bbox 1151 1511 1265 1578; x_wconf 81' lang='lat' dir='ltr'>fuisset</span> 
     </span>
     <span class='ocr_line' id='line_1_15' title="bbox 136 1592 1262 1680; baseline 0.005 -24"><span class='ocrx_word' id='word_1_127' title='bbox 136 1592 224 1658; x_wconf 85' lang='lat' dir='ltr'>facta</span> <span class='ocrx_word' id='word_1_128' title='bbox 245 1594 362 1658; x_wconf 88' lang='lat' dir='ltr'>divisio</span> <span class='ocrx_word' id='word_1_129' title='bbox 389 1595 490 1680; x_wconf 86' lang='lat' dir='ltr'>regni,</span> <span class='ocrx_word' id='word_1_130' title='bbox 514 1604 547 1659; x_wconf 91' lang='lat' dir='ltr'>et</span> <span class='ocrx_word' id='word_1_131' title='bbox 570 1616 636 1659; x_wconf 94' lang='lat' dir='ltr'>non</span> <span class='ocrx_word' id='word_1_132' title='bbox 658 1604 765 1659; x_wconf 86' lang='lat' dir='ltr'>essent</span> <span class='ocrx_word' id='word_1_133' title='bbox 785 1595 936 1660; x_wconf 89' lang='lat' dir='ltr'>intestina</span> <span class='ocrx_word' id='word_1_134' title='bbox 957 1596 1038 1661; x_wconf 86' lang='lat' dir='ltr'>haee</span> <span class='ocrx_word' id='word_1_135' title='bbox 1059 1594 1153 1678; x_wconf 89' lang='lat' dir='ltr'>bella,</span> <span class='ocrx_word' id='word_1_136' title='bbox 1176 1596 1262 1662; x_wconf 91' lang='lat' dir='ltr'>unde</span> 
     </span>
     <span class='ocr_line' id='line_1_16' title="bbox 136 1677 1264 1766; baseline 0.003 -25"><span class='ocrx_word' id='word_1_137' title='bbox 136 1677 313 1742; x_wconf 87' lang='lat' dir='ltr'><strong>admodum</strong></span> <span class='ocrx_word' id='word_1_138' title='bbox 336 1677 499 1744; x_wconf 85' lang='lat' dir='ltr'>destructa</span> <span class='ocrx_word' id='word_1_139' title='bbox 520 1687 568 1743; x_wconf 88' lang='lat' dir='ltr'>est</span> <span class='ocrx_word' id='word_1_140' title='bbox 591 1677 725 1742; x_wconf 85' lang='lat' dir='ltr'>ecelesia</span> <span class='ocrx_word' id='word_1_141' title='bbox 748 1681 872 1764; x_wconf 88' lang='lat' dir='ltr'>pariter</span> <span class='ocrx_word' id='word_1_142' title='bbox 893 1690 925 1744; x_wconf 90' lang='lat' dir='ltr'>et</span> <span class='ocrx_word' id='word_1_143' title='bbox 945 1702 996 1744; x_wconf 89' lang='lat' dir='ltr'>res</span> <span class='ocrx_word' id='word_1_144' title='bbox 1018 1679 1159 1766; x_wconf 88' lang='lat' dir='ltr'>publica.</span> <span class='ocrx_word' id='word_1_145' title='bbox 1197 1680 1264 1746; x_wconf 88' lang='lat' dir='ltr'>Sed</span> 
     </span>
     <span class='ocr_line' id='line_1_17' title="bbox 135 1763 1263 1860; baseline 0.003 -35"><span class='ocrx_word' id='word_1_146' title='bbox 135 1771 270 1860; x_wconf 89' lang='lat' dir='ltr'>propter</span> <span class='ocrx_word' id='word_1_147' title='bbox 284 1771 373 1827; x_wconf 89' lang='lat' dir='ltr'>trans</span> <span class='ocrx_word' id='word_1_148' title='bbox 413 1763 572 1828; x_wconf 89' lang='lat' dir='ltr'>essionem</span> <span class='ocrx_word' id='word_1_149' title='bbox 591 1765 842 1828; x_wconf 87' lang='lat' dir='ltr'>iuramentorum</span> <span class='ocrx_word' id='word_1_150' title='bbox 857 1763 1033 1829; x_wconf 84' lang='lat' dir='ltr'>factasunt</span> <span class='ocrx_word' id='word_1_151' title='bbox 1048 1763 1129 1829; x_wconf 89' lang='lat' dir='ltr'>haee</span> <span class='ocrx_word' id='word_1_152' title='bbox 1145 1765 1263 1846; x_wconf 92' lang='lat' dir='ltr'>omnia,</span> 
     </span>
     <span class='ocr_line' id='line_1_18' title="bbox 135 1845 1263 1930; baseline 0.002 -20"><span class='ocrx_word' id='word_1_153' title='bbox 135 1855 170 1910; x_wconf 92' lang='lat' dir='ltr'>et</span> <span class='ocrx_word' id='word_1_154' title='bbox 202 1845 255 1911; x_wconf 91' lang='lat' dir='ltr'>1lle</span> <span class='ocrx_word' id='word_1_155' title='bbox 286 1849 430 1911; x_wconf 84' lang='lat' dir='ltr'>marcio</span> <span class='ocrx_word' id='word_1_156' title='bbox 458 1848 584 1912; x_wconf 85' lang='lat' dir='ltr'>occisus</span> <span class='ocrx_word' id='word_1_157' title='bbox 611 1858 661 1912; x_wconf 89' lang='lat' dir='ltr'>est</span> <span class='ocrx_word' id='word_1_158' title='bbox 690 1846 886 1912; x_wconf 83' lang='lat' dir='ltr'>infidelitatis</span> <span class='ocrx_word' id='word_1_159' title='bbox 915 1867 992 1911; x_wconf 86' lang='lat' dir='ltr'>suae</span> <span class='ocrx_word' id='word_1_160' title='bbox 1014 1869 1123 1930; x_wconf 87' lang='lat' dir='ltr'>causa,</span> <span class='ocrx_word' id='word_1_161' title='bbox 1145 1857 1178 1912; x_wconf 85' lang='lat' dir='ltr'>et</span> <span class='ocrx_word' id='word_1_162' title='bbox 1197 1850 1263 1912; x_wconf 90' lang='lat' dir='ltr'>iam</span> 
     </span>
     <span class='ocr_line' id='line_1_19' title="bbox 136 1929 1263 2019; baseline 0.003 -25"><span class='ocrx_word' id='word_1_163' title='bbox 136 1951 203 1995; x_wconf 92' lang='lat' dir='ltr'>non</span> <span class='ocrx_word' id='word_1_164' title='bbox 223 1931 343 2016; x_wconf 86' lang='lat' dir='ltr'>poterit</span> <span class='ocrx_word' id='word_1_165' title='bbox 363 1931 392 1995; x_wconf 91' lang='lat' dir='ltr'>ei</span> <span class='ocrx_word' id='word_1_166' title='bbox 414 1930 568 2018; x_wconf 87' lang='lat' dir='ltr'>prodesse</span> <span class='ocrx_word' id='word_1_167' title='bbox 590 1929 641 1996; x_wconf 88' lang='lat' dir='ltr'>vel</span> <span class='ocrx_word' id='word_1_168' title='bbox 663 1953 741 1994; x_wconf 91' lang='lat' dir='ltr'>suus</span> <span class='ocrx_word' id='word_1_169' title='bbox 764 1931 830 1996; x_wconf 83' lang='lat' dir='ltr'>Gre</span> <span class='ocrx_word' id='word_1_170' title='bbox 855 1931 942 1995; x_wconf 90' lang='lat' dir='ltr'>orius</span> <span class='ocrx_word' id='word_1_171' title='bbox 964 1930 1016 1996; x_wconf 88' lang='lat' dir='ltr'>vel</span> <span class='ocrx_word' id='word_1_172' title='bbox 1036 1931 1154 2019; x_wconf 89' lang='lat' dir='ltr'>aliquis</span> <span class='ocrx_word' id='word_1_173' title='bbox 1176 1931 1263 1997; x_wconf 84' lang='lat' dir='ltr'>iliius</span> 
     </span>
     <span class='ocr_line' id='line_1_20' title="bbox 135 1953 1263 2165; baseline 0.002 -87"><span class='ocrx_word' id='word_1_174' title='bbox 135 2017 240 2102; x_wconf 88' lang='lat' dir='ltr'>partis</span> <span class='ocrx_word' id='word_1_175' title='bbox 262 2016 445 2165; x_wconf 66' lang='lat' dir='ltr'>episcopus,</span> <span class='ocrx_word' id='word_1_176' title='bbox 468 2015 631 2101; x_wconf 88' lang='lat' dir='ltr'>quoniam,</span> <span class='ocrx_word' id='word_1_177' title='bbox 652 2016 745 2078; x_wconf 87' lang='lat' dir='ltr'>iuxta</span> <span class='ocrx_word' id='word_1_178' title='bbox 767 1953 854 2100; x_wconf 70' lang='lat' dir='ltr'>quod</span> <span class='ocrx_word' id='word_1_179' title='bbox 875 2015 909 2077; x_wconf 93' lang='lat' dir='ltr'>in</span> <span class='ocrx_word' id='word_1_180' title='bbox 930 2014 1014 2079; x_wconf 89' lang='lat' dir='ltr'>libro</span> <span class='ocrx_word' id='word_1_181' title='bbox 1037 2015 1077 2080; x_wconf 92' lang='lat' dir='ltr'>de</span> <span class='ocrx_word' id='word_1_182' title='bbox 1100 2016 1263 2080; x_wconf 89' lang='lat' dir='ltr'>dominica</span> 
     </span>
     <span class='ocr_line' id='line_1_21' title="bbox 136 2099 1263 2185; baseline 0.002 -21"><span class='ocrx_word' id='word_1_183' title='bbox 136 2100 283 2164; x_wconf 90' lang='lat' dir='ltr'>oratione</span> <span class='ocrx_word' id='word_1_184' title='bbox 314 2101 375 2164; x_wconf 89' lang='lat' dir='ltr'>scri</span> <span class='ocrx_word' id='word_1_185' title='bbox 401 2101 426 2164; x_wconf 92' lang='lat' dir='ltr'>it</span> <span class='ocrx_word' id='word_1_186' title='bbox 455 2108 585 2164; x_wconf 87' lang='lat' dir='ltr'>sanctus</span> <span class='ocrx_word' id='word_1_187' title='bbox 608 2099 791 2184; x_wconf 81' lang='lat' dir='ltr'>Cyprianus</span> <span class='ocrx_word' id='word_1_188' title='bbox 818 2099 1027 2185; x_wconf 85' lang='lat' dir='ltr'>episcopus1:</span> <span class='ocrx_word' id='word_1_189' title='bbox 1052 2113 1220 2166; x_wconf 73' lang='lat' dir='ltr'>Dircndam</span> <span class='ocrx_word' id='word_1_190' title='bbox 1239 2122 1263 2166; x_wconf 79' lang='lat' dir='ltr'>et</span> 
     </span>
     <span class='ocr_line' id='line_1_22' title="bbox 137 2186 1262 2256; baseline -0.002 -14"><span class='ocrx_word' id='word_1_191' title='bbox 137 2190 271 2242; x_wconf 73' lang='lat' dir='ltr'>dissidens</span> <span class='ocrx_word' id='word_1_192' title='bbox 291 2195 315 2241; x_wconf 86' lang='lat' dir='ltr'>et</span> <span class='ocrx_word' id='word_1_193' title='bbox 323 2207 419 2256; x_wconf 80' lang='lat' dir='ltr'>paoem</span> <span class='ocrx_word' id='word_1_194' title='bbox 438 2190 641 2255; x_wconf 75' lang='lat' dir='ltr'>cumfratribus</span> <span class='ocrx_word' id='word_1_195' title='bbox 659 2206 714 2240; x_wconf 89' lang='lat' dir='ltr'>non</span> <span class='ocrx_word' id='word_1_196' title='bbox 734 2189 842 2253; x_wconf 81' lang='lat' dir='ltr'>babens,</span> <span class='ocrx_word' id='word_1_197' title='bbox 861 2205 910 2241; x_wconf 82' lang='lat' dir='ltr'>nse</span> <span class='ocrx_word' id='word_1_198' title='bbox 927 2188 952 2240; x_wconf 87' lang='lat' dir='ltr'>si</span> <span class='ocrx_word' id='word_1_199' title='bbox 967 2206 1022 2255; x_wconf 81' lang='lat' dir='ltr'>pro</span> <span class='ocrx_word' id='word_1_200' title='bbox 1035 2187 1146 2240; x_wconf 78' lang='lat' dir='ltr'>Domini</span> <span class='ocrx_word' id='word_1_201' title='bbox 1157 2186 1262 2240; x_wconf 81' lang='lat' dir='ltr'>nomine</span> 
     </span>
     <span class='ocr_line' id='line_1_23' title="bbox 135 2260 1263 2328; baseline -0.004 -13"><span class='ocrx_word' id='word_1_202' title='bbox 135 2263 238 2316; x_wconf 68' lang='lat' dir='ltr'>coenus</span> <span class='ocrx_word' id='word_1_203' title='bbox 250 2264 348 2328; x_wconf 70' lang='lat' dir='ltr'>scetii,</span> <span class='ocrx_word' id='word_1_204' title='bbox 368 2263 466 2315; x_wconf 76' lang='lat' dir='ltr'>etimsn</span> <span class='ocrx_word' id='word_1_205' title='bbox 485 2263 657 2315; x_wconf 75' lang='lat' dir='ltr'>dissensionis</span> <span class='ocrx_word' id='word_1_206' title='bbox 675 2263 822 2328; x_wconf 77' lang='lat' dir='ltr'>fraternae</span> <span class='ocrx_word' id='word_1_207' title='bbox 836 2260 935 2328; x_wconf 81' lang='lat' dir='ltr'>poterit</span> <span class='ocrx_word' id='word_1_208' title='bbox 960 2263 1081 2326; x_wconf 61' lang='lat' dir='ltr'>suadas,</span> <span class='ocrx_word' id='word_1_209' title='bbox 1100 2261 1175 2327; x_wconf 82' lang='lat' dir='ltr'>qaia,</span> <span class='ocrx_word' id='word_1_210' title='bbox 1194 2260 1263 2312; x_wconf 83' lang='lat' dir='ltr'>siant</span> 
     </span>
     <span class='ocr_line' id='line_1_24' title="bbox 136 2334 1423 2403; baseline -0.002 -15"><span class='ocrx_word' id='word_1_211' title='bbox 136 2337 328 2403; x_wconf 76' lang='lat' dir='ltr'>scriptumest,</span> <span class='ocrx_word' id='word_1_212' title='bbox 347 2335 394 2402; x_wconf 76' lang='lat' dir='ltr'>qni</span> <span class='ocrx_word' id='word_1_213' title='bbox 404 2338 524 2403; x_wconf 78' lang='lat' dir='ltr'>fratrem</span> <span class='ocrx_word' id='word_1_214' title='bbox 543 2353 620 2388; x_wconf 80' lang='lat' dir='ltr'>sunm</span> <span class='ocrx_word' id='word_1_215' title='bbox 639 2336 694 2388; x_wconf 82' lang='lat' dir='ltr'>odit</span> <span class='ocrx_word' id='word_1_216' title='bbox 713 2334 846 2388; x_wconf 76' lang='lat' dir='ltr'>homicida</span> <span class='ocrx_word' id='word_1_217' title='bbox 870 2344 916 2400; x_wconf 86' lang='lat' dir='ltr'>est,</span> <span class='ocrx_word' id='word_1_218' title='bbox 940 2352 988 2387; x_wconf 87' lang='lat' dir='ltr'>nee</span> <span class='ocrx_word' id='word_1_219' title='bbox 1013 2336 1050 2388; x_wconf 82' lang='lat' dir='ltr'>od</span> <span class='ocrx_word' id='word_1_220' title='bbox 1068 2351 1179 2403; x_wconf 71' lang='lat' dir='ltr'>rsqnnm</span> <span class='ocrx_word' id='word_1_221' title='bbox 1204 2351 1262 2386; x_wconf 84' lang='lat' dir='ltr'>eae-</span> <span class='ocrx_word' id='word_1_222' title='bbox 1274 2341 1423 2396; x_wconf 74' lang='lat' dir='ltr'>t.10h.s,1t.</span> 
     </span>
    </p>
   </div>
   <div class='ocr_carea' id='block_1_3' title="bbox 136 2402 1262 2557">
    <p class='ocr_par' dir='ltr' id='par_1_4' title="bbox 136 2402 1262 2557">
     <span class='ocr_line' id='line_1_25' title="bbox 136 2402 1262 2488; baseline -0.004 -17"><span class='ocrx_word' id='word_1_223' title='bbox 136 2421 224 2471; x_wconf 76' lang='lat' dir='ltr'>lorum</span> <span class='ocrx_word' id='word_1_224' title='bbox 237 2419 361 2485; x_wconf 81' lang='lat' dir='ltr'>pervenit</span> <span class='ocrx_word' id='word_1_225' title='bbox 387 2427 435 2470; x_wconf 82' lang='lat' dir='ltr'>unt</span> <span class='ocrx_word' id='word_1_226' title='bbox 457 2435 516 2470; x_wconf 83' lang='lat' dir='ltr'>eum</span> <span class='ocrx_word' id='word_1_227' title='bbox 534 2417 592 2469; x_wconf 84' lang='lat' dir='ltr'>Deo</span> <span class='ocrx_word' id='word_1_228' title='bbox 611 2418 677 2468; x_wconf 82' lang='lat' dir='ltr'>civit</span> <span class='ocrx_word' id='word_1_229' title='bbox 695 2416 836 2470; x_wconf 70' lang='lat' dir='ltr'>homicida</span> <span class='ocrx_word' id='word_1_230' title='bbox 875 2418 938 2470; x_wconf 89' lang='lat' dir='ltr'>Non</span> <span class='ocrx_word' id='word_1_231' title='bbox 952 2426 1041 2483; x_wconf 81' lang='lat' dir='ltr'>potest</span> <span class='ocrx_word' id='word_1_232' title='bbox 1059 2434 1123 2480; x_wconf 86' lang='lat' dir='ltr'>esse,</span> <span class='ocrx_word' id='word_1_233' title='bbox 1146 2402 1262 2488; x_wconf 78' lang='lat' dir='ltr'>inquit,</span> 
     </span>
     <span class='ocr_line' id='line_1_26' title="bbox 136 2490 1046 2557; baseline -0.003 -12"><span class='ocrx_word' id='word_1_234' title='bbox 136 2510 198 2545; x_wconf 82' lang='lat' dir='ltr'>essm</span> <span class='ocrx_word' id='word_1_235' title='bbox 217 2491 327 2556; x_wconf 66' lang='lat' dir='ltr'>dienato,</span> <span class='ocrx_word' id='word_1_236' title='bbox 346 2493 394 2557; x_wconf 80' lang='lat' dir='ltr'>qui</span> <span class='ocrx_word' id='word_1_237' title='bbox 410 2490 528 2542; x_wconf 73' lang='lat' dir='ltr'>imitator</span> <span class='ocrx_word' id='word_1_238' title='bbox 547 2490 636 2542; x_wconf 81' lang='lat' dir='ltr'>Indae</span> <span class='ocrx_word' id='word_1_239' title='bbox 653 2492 749 2542; x_wconf 84' lang='lat' dir='ltr'>maluit</span> <span class='ocrx_word' id='word_1_240' title='bbox 767 2507 822 2542; x_wconf 84' lang='lat' dir='ltr'>esse</span> <span class='ocrx_word' id='word_1_241' title='bbox 841 2507 922 2555; x_wconf 81' lang='lat' dir='ltr'>qnam</span> <span class='ocrx_word' id='word_1_242' title='bbox 940 2490 1046 2542; x_wconf 75' lang='lat' dir='ltr'>Christi.</span> 
     </span>
    </p>
   </div>
   <div class='ocr_carea' id='block_1_4' title="bbox 135 2557 1262 2979">
    <p class='ocr_par' dir='ltr' id='par_1_5' title="bbox 135 2557 1262 2979">
     <span class='ocr_line' id='line_1_27' title="bbox 223 2557 1262 2644; baseline -0.003 -21"><span class='ocrx_word' id='word_1_243' title='bbox 223 2559 274 2624; x_wconf 84' lang='lat'>35.</span> <span class='ocrx_word' id='word_1_244' title='bbox 306 2560 412 2644; x_wconf 84' lang='lat' dir='ltr'>Igitur</span> <span class='ocrx_word' id='word_1_245' title='bbox 432 2568 604 2644; x_wconf 91' lang='lat' dir='ltr'>postquam</span> <span class='ocrx_word' id='word_1_246' title='bbox 623 2557 652 2620; x_wconf 84' lang='lat' dir='ltr'>E</span> <span class='ocrx_word' id='word_1_247' title='bbox 675 2557 785 2622; x_wconf 86' lang='lat' dir='ltr'>bertus</span> <span class='ocrx_word' id='word_1_248' title='bbox 807 2557 951 2621; x_wconf 91' lang='lat' dir='ltr'>marchio</span> <span class='ocrx_word' id='word_1_249' title='bbox 973 2557 1102 2644; x_wconf 83' lang='lat' dir='ltr'>decepit</span> <span class='ocrx_word' id='word_1_250' title='bbox 1121 2557 1262 2644; x_wconf 88' lang='lat' dir='ltr'>impera-</span> 
     </span>
     <span class='ocr_line' id='line_1_28' title="bbox 135 2581 1261 2728; baseline -0.005 -18"><span class='ocrx_word' id='word_1_251' title='bbox 135 2655 249 2726; x_wconf 86' lang='lat' dir='ltr'>torem,</span> <span class='ocrx_word' id='word_1_252' title='bbox 279 2644 364 2708; x_wconf 86' lang='lat' dir='ltr'>sieut</span> <span class='ocrx_word' id='word_1_253' title='bbox 391 2642 542 2723; x_wconf 88' lang='lat' dir='ltr'>diximus,</span> <span class='ocrx_word' id='word_1_254' title='bbox 572 2581 692 2706; x_wconf 77' lang='lat' dir='ltr'>deinde</span> <span class='ocrx_word' id='word_1_255' title='bbox 721 2649 753 2706; x_wconf 93' lang='lat' dir='ltr'>et</span> <span class='ocrx_word' id='word_1_256' title='bbox 780 2642 850 2727; x_wconf 93' lang='lat' dir='ltr'>ipse</span> <span class='ocrx_word' id='word_1_257' title='bbox 878 2642 998 2726; x_wconf 86' lang='lat' dir='ltr'>pariter</span> <span class='ocrx_word' id='word_1_258' title='bbox 1026 2640 1180 2728; x_wconf 86' lang='lat' dir='ltr'>deceptus</span> <span class='ocrx_word' id='word_1_259' title='bbox 1202 2649 1261 2722; x_wconf 86' lang='lat' dir='ltr'>est,</span> 
     </span>
     <span class='ocr_line' id='line_1_29' title="bbox 137 2725 1262 2817; baseline -0.006 -24"><span class='ocrx_word' id='word_1_260' title='bbox 137 2729 291 2817; x_wconf 90' lang='lat' dir='ltr'>quoniam</span> <span class='ocrx_word' id='word_1_261' title='bbox 314 2727 459 2813; x_wconf 89' lang='lat' dir='ltr'>episcopi</span> <span class='ocrx_word' id='word_1_262' title='bbox 481 2748 556 2790; x_wconf 90' lang='lat' dir='ltr'>eum</span> <span class='ocrx_word' id='word_1_263' title='bbox 578 2725 758 2791; x_wconf 86' lang='lat' dir='ltr'>fefellerunt</span> <span class='ocrx_word' id='word_1_264' title='bbox 766 2737 788 2806; x_wconf 86' lang='lat'>²,</span> <span class='ocrx_word' id='word_1_265' title='bbox 810 2747 875 2790; x_wconf 89' lang='lat' dir='ltr'>non</span> <span class='ocrx_word' id='word_1_266' title='bbox 897 2725 927 2788; x_wconf 91' lang='lat' dir='ltr'>ei</span> <span class='ocrx_word' id='word_1_267' title='bbox 949 2725 1103 2789; x_wconf 87' lang='lat' dir='ltr'>donantes</span> <span class='ocrx_word' id='word_1_268' title='bbox 1125 2746 1262 2809; x_wconf 85' lang='lat' dir='ltr'>regnum</span> 
     </span>
     <span class='ocr_line' id='line_1_30' title="bbox 137 2811 1262 2910; baseline -0.005 -32"><span class='ocrx_word' id='word_1_269' title='bbox 137 2812 226 2901; x_wconf 89' lang='lat' dir='ltr'>quod</span> <span class='ocrx_word' id='word_1_270' title='bbox 257 2813 492 2897; x_wconf 86' lang='lat' dir='ltr'>promiserunt;</span> <span class='ocrx_word' id='word_1_271' title='bbox 525 2820 722 2910; x_wconf 89' lang='lat' dir='ltr'>quapropter</span> <span class='ocrx_word' id='word_1_272' title='bbox 755 2811 886 2873; x_wconf 87' lang='lat' dir='ltr'>secessit</span> <span class='ocrx_word' id='word_1_273' title='bbox 917 2829 937 2871; x_wconf 89' lang='lat' dir='ltr'>a</span> <span class='ocrx_word' id='word_1_274' title='bbox 963 2817 1055 2908; x_wconf 87' lang='lat' dir='ltr'>parte</span> <span class='ocrx_word' id='word_1_275' title='bbox 1085 2829 1196 2873; x_wconf 87' lang='lat' dir='ltr'>eorum</span> <span class='ocrx_word' id='word_1_276' title='bbox 1229 2817 1262 2872; x_wconf 92' lang='lat' dir='ltr'>et</span> 
     </span>
     <span class='ocr_line' id='line_1_31' title="bbox 138 2892 1262 2979; baseline -0.006 -17"><span class='ocrx_word' id='word_1_277' title='bbox 138 2899 293 2962; x_wconf 88' lang='lat' dir='ltr'>societate</span> <span class='ocrx_word' id='word_1_278' title='bbox 321 2905 353 2961; x_wconf 94' lang='lat' dir='ltr'>et</span> <span class='ocrx_word' id='word_1_279' title='bbox 380 2897 507 2977; x_wconf 88' lang='lat' dir='ltr'>iterum,</span> <span class='ocrx_word' id='word_1_280' title='bbox 538 2896 621 2959; x_wconf 87' lang='lat' dir='ltr'>datrs</span> <span class='ocrx_word' id='word_1_281' title='bbox 652 2894 820 2960; x_wconf 90' lang='lat' dir='ltr'>obsidibus</span> <span class='ocrx_word' id='word_1_282' title='bbox 845 2903 941 2979; x_wconf 91' lang='lat' dir='ltr'>atque</span> <span class='ocrx_word' id='word_1_283' title='bbox 968 2892 1164 2972; x_wconf 76' lang='lat' dir='ltr'>iuramentis,</span> <span class='ocrx_word' id='word_1_284' title='bbox 1187 2913 1262 2956; x_wconf 86' lang='lat' dir='ltr'>oon-</span> 
     </span>
    </p>
   </div>
   <div class='ocr_carea' id='block_1_5' title="bbox 136 2977 1263 3068">
    <p class='ocr_par' dir='ltr' id='par_1_6' title="bbox 136 2977 1263 3068">
     <span class='ocr_line' id='line_1_32' title="bbox 136 2977 1263 3068; baseline -0.005 -22"><span class='ocrx_word' id='word_1_285' title='bbox 136 2981 280 3046; x_wconf 88' lang='lat' dir='ltr'>firmavit</span> <span class='ocrx_word' id='word_1_286' title='bbox 315 2990 444 3068; x_wconf 90' lang='lat' dir='ltr'>pactum</span> <span class='ocrx_word' id='word_1_287' title='bbox 475 2980 567 3065; x_wconf 82' lang='lat' dir='ltr'>pacis</span> <span class='ocrx_word' id='word_1_288' title='bbox 600 2989 632 3044; x_wconf 92' lang='lat' dir='ltr'>et</span> <span class='ocrx_word' id='word_1_289' title='bbox 662 2978 739 3042; x_wconf 88' lang='lat' dir='ltr'>fidei</span> <span class='ocrx_word' id='word_1_290' title='bbox 768 3000 841 3042; x_wconf 91' lang='lat' dir='ltr'>cum</span> <span class='ocrx_word' id='word_1_291' title='bbox 878 2978 1081 3062; x_wconf 83' lang='lat' dir='ltr'>imperatore.</span> <span class='ocrx_word' id='word_1_292' title='bbox 1134 2977 1263 3040; x_wconf 86' lang='lat' dir='ltr'>luteres</span> 
     </span>
    </p>
   </div>
   <div class='ocr_carea' id='block_1_6' title="bbox 137 3058 1264 3906">
    <p class='ocr_par' dir='ltr' id='par_1_7' title="bbox 137 3058 1264 3906">
     <span class='ocr_line' id='line_1_33' title="bbox 139 3058 1262 3151; baseline -0.006 -21"><span class='ocrx_word' id='word_1_293' title='bbox 139 3067 276 3151; x_wconf 88' lang='lat' dir='ltr'>contigit</span> <span class='ocrx_word' id='word_1_294' title='bbox 301 3065 361 3129; x_wconf 88' lang='lat' dir='ltr'>hoe</span> <span class='ocrx_word' id='word_1_295' title='bbox 412 3063 476 3127; x_wconf 95' lang='lat' dir='ltr'>uod</span> <span class='ocrx_word' id='word_1_296' title='bbox 499 3084 597 3149; x_wconf 87' lang='lat' dir='ltr'>supra</span> <span class='ocrx_word' id='word_1_297' title='bbox 619 3062 771 3144; x_wconf 87' lang='lat' dir='ltr'>diximus,</span> <span class='ocrx_word' id='word_1_298' title='bbox 795 3062 871 3148; x_wconf 90' lang='lat' dir='ltr'>quia</span> <span class='ocrx_word' id='word_1_299' title='bbox 892 3071 970 3125; x_wconf 88' lang='lat' dir='ltr'>tuno</span> <span class='ocrx_word' id='word_1_300' title='bbox 992 3061 1117 3125; x_wconf 87' lang='lat' dir='ltr'>occisus</span> <span class='ocrx_word' id='word_1_301' title='bbox 1139 3069 1187 3126; x_wconf 86' lang='lat' dir='ltr'>est</span> <span class='ocrx_word' id='word_1_302' title='bbox 1208 3058 1262 3124; x_wconf 86' lang='lat' dir='ltr'>ille</span> 
     </span>
     <span class='ocr_line' id='line_1_34' title="bbox 137 3085 1262 3232; baseline -0.007 -17"><span class='ocrx_word' id='word_1_303' title='bbox 137 3148 323 3215; x_wconf 87' lang='lat' dir='ltr'>Burcardus</span> <span class='ocrx_word' id='word_1_304' title='bbox 339 3085 608 3212; x_wconf 80' lang='lat' dir='ltr'>Haiherstatensis</span> <span class='ocrx_word' id='word_1_305' title='bbox 630 3147 739 3232; x_wconf 90' lang='lat' dir='ltr'>episco</span> <span class='ocrx_word' id='word_1_306' title='bbox 765 3169 803 3210; x_wconf 93' lang='lat' dir='ltr'>us</span> <span class='ocrx_word' id='word_1_307' title='bbox 824 3168 845 3210; x_wconf 93' lang='lat' dir='ltr'>a</span> <span class='ocrx_word' id='word_1_308' title='bbox 866 3146 932 3210; x_wconf 89' lang='lat' dir='ltr'>suis</span> <span class='ocrx_word' id='word_1_309' title='bbox 953 3143 1175 3231; x_wconf 87' lang='lat' dir='ltr'>popularibus,</span> <span class='ocrx_word' id='word_1_310' title='bbox 1197 3165 1262 3208; x_wconf 91' lang='lat' dir='ltr'>non</span> 
     </span>
     <span class='ocr_line' id='line_1_35' title="bbox 137 3168 1262 3319; baseline -0.005 -20"><span class='ocrx_word' id='word_1_311' title='bbox 137 3235 172 3299; x_wconf 94' lang='lat' dir='ltr'>id</span> <span class='ocrx_word' id='word_1_312' title='bbox 187 3242 303 3319; x_wconf 85' lang='lat' dir='ltr'>agente</span> <span class='ocrx_word' id='word_1_313' title='bbox 318 3230 513 3314; x_wconf 80' lang='lat' dir='ltr'>marchione,</span> <span class='ocrx_word' id='word_1_314' title='bbox 536 3229 594 3295; x_wconf 90' lang='lat' dir='ltr'>sed</span> <span class='ocrx_word' id='word_1_315' title='bbox 608 3239 717 3294; x_wconf 90' lang='lat' dir='ltr'>tamen</span> <span class='ocrx_word' id='word_1_316' title='bbox 738 3168 800 3295; x_wconf 73' lang='lat' dir='ltr'>hoo</span> <span class='ocrx_word' id='word_1_317' title='bbox 820 3231 938 3295; x_wconf 86' lang='lat' dir='ltr'>factum</span> <span class='ocrx_word' id='word_1_318' title='bbox 961 3231 1032 3314; x_wconf 91' lang='lat' dir='ltr'>ipso</span> <span class='ocrx_word' id='word_1_319' title='bbox 1051 3227 1262 3314; x_wconf 83' lang='lat' dir='ltr'>approbante.</span> 
     </span>
     <span class='ocr_line' id='line_1_36' title="bbox 137 3312 1261 3400; baseline -0.006 -18"><span class='ocrx_word' id='word_1_320' title='bbox 137 3319 224 3382; x_wconf 86' lang='lat' dir='ltr'>Tum</span> <span class='ocrx_word' id='word_1_321' title='bbox 239 3317 336 3382; x_wconf 88' lang='lat' dir='ltr'>etiam</span> <span class='ocrx_word' id='word_1_322' title='bbox 354 3315 407 3380; x_wconf 92' lang='lat' dir='ltr'>ille</span> <span class='ocrx_word' id='word_1_323' title='bbox 427 3315 604 3399; x_wconf 85' lang='lat' dir='ltr'>Hartvigus</span> <span class='ocrx_word' id='word_1_324' title='bbox 617 3314 929 3400; x_wconf 86' lang='lat' dir='ltr'>Magadaburgensis</span> <span class='ocrx_word' id='word_1_325' title='bbox 976 3312 1261 3397; x_wconf 73' lang='lat' dir='ltr'>seudoepiscopuS,</span> 
     </span>
     <span class='ocr_line' id='line_1_37' title="bbox 137 3336 1262 3498; baseline -0.008 -32"><span class='ocrx_word' id='word_1_326' title='bbox 137 3423 215 3466; x_wconf 90' lang='lat' dir='ltr'>cum</span> <span class='ocrx_word' id='word_1_327' title='bbox 246 3423 312 3465; x_wconf 94' lang='lat' dir='ltr'>non</span> <span class='ocrx_word' id='word_1_328' title='bbox 344 3408 454 3486; x_wconf 86' lang='lat' dir='ltr'>posset</span> <span class='ocrx_word' id='word_1_329' title='bbox 485 3397 570 3464; x_wconf 89' lang='lat' dir='ltr'>solus</span> <span class='ocrx_word' id='word_1_330' title='bbox 602 3421 676 3463; x_wconf 90' lang='lat' dir='ltr'>cum</span> <span class='ocrx_word' id='word_1_331' title='bbox 705 3399 818 3498; x_wconf 86' lang='lat' dir='ltr'>paucis</span> <span class='ocrx_word' id='word_1_332' title='bbox 852 3336 1064 3484; x_wconf 80' lang='lat' dir='ltr'>compiicibus</span> <span class='ocrx_word' id='word_1_333' title='bbox 1097 3396 1163 3458; x_wconf 90' lang='lat' dir='ltr'>suis</span> <span class='ocrx_word' id='word_1_334' title='bbox 1194 3394 1262 3458; x_wconf 89' lang='lat' dir='ltr'>vim</span> 
     </span>
     <span class='ocr_line' id='line_1_38' title="bbox 138 3479 1262 3569; baseline -0.01 -17"><span class='ocrx_word' id='word_1_335' title='bbox 138 3486 297 3552; x_wconf 85' lang='lat' dir='ltr'>sustinere</span> <span class='ocrx_word' id='word_1_336' title='bbox 325 3484 377 3549; x_wconf 89' lang='lat' dir='ltr'>vel</span> <span class='ocrx_word' id='word_1_337' title='bbox 405 3483 600 3548; x_wconf 89' lang='lat' dir='ltr'>marchionis</span> <span class='ocrx_word' id='word_1_338' title='bbox 626 3482 678 3549; x_wconf 88' lang='lat' dir='ltr'>vel</span> <span class='ocrx_word' id='word_1_339' title='bbox 705 3483 918 3569; x_wconf 85' lang='lat' dir='ltr'>rmperatoris,</span> <span class='ocrx_word' id='word_1_340' title='bbox 945 3480 1034 3545; x_wconf 88' lang='lat' dir='ltr'>venit</span> <span class='ocrx_word' id='word_1_341' title='bbox 1061 3480 1095 3542; x_wconf 92' lang='lat' dir='ltr'>in</span> <span class='ocrx_word' id='word_1_342' title='bbox 1123 3479 1262 3562; x_wconf 84' lang='lat' dir='ltr'>gratiam</span> 
     </span>
     <span class='ocr_line' id='line_1_39' title="bbox 137 3563 1262 3656; baseline -0.005 -23"><span class='ocrx_word' id='word_1_343' title='bbox 137 3570 353 3656; x_wconf 86' lang='lat' dir='ltr'>imperatoris,</span> <span class='ocrx_word' id='word_1_344' title='bbox 373 3569 466 3632; x_wconf 86' lang='lat' dir='ltr'>iuxta</span> <span class='ocrx_word' id='word_1_345' title='bbox 486 3568 575 3653; x_wconf 91' lang='lat' dir='ltr'>quod</span> <span class='ocrx_word' id='word_1_346' title='bbox 596 3567 828 3654; x_wconf 89' lang='lat' dir='ltr'>supradictum</span> <span class='ocrx_word' id='word_1_347' title='bbox 850 3574 899 3631; x_wconf 89' lang='lat' dir='ltr'>est</span> <span class='ocrx_word' id='word_1_348' title='bbox 919 3588 939 3630; x_wconf 90' lang='lat' dir='ltr'>a</span> <span class='ocrx_word' id='word_1_349' title='bbox 959 3563 1054 3629; x_wconf 90' lang='lat' dir='ltr'>nobis</span> <span class='ocrx_word' id='word_1_350' title='bbox 1063 3573 1086 3627; x_wconf 86' lang='lat'>³.</span> <span class='ocrx_word' id='word_1_351' title='bbox 1118 3563 1163 3627; x_wconf 87' lang='lat' dir='ltr'>Et</span> <span class='ocrx_word' id='word_1_352' title='bbox 1177 3571 1262 3627; x_wconf 90' lang='lat' dir='ltr'>certe</span> 
     </span>
     <span class='ocr_line' id='line_1_40' title="bbox 137 3647 1264 3741; baseline -0.007 -21"><span class='ocrx_word' id='word_1_353' title='bbox 137 3655 285 3741; x_wconf 87' lang='lat' dir='ltr'>utrisque</span> <span class='ocrx_word' id='word_1_354' title='bbox 314 3651 408 3718; x_wconf 90' lang='lat' dir='ltr'>alteri</span> <span class='ocrx_word' id='word_1_355' title='bbox 435 3663 547 3717; x_wconf 88' lang='lat' dir='ltr'>eontra</span> <span class='ocrx_word' id='word_1_356' title='bbox 574 3650 710 3716; x_wconf 86' lang='lat' dir='ltr'>alterum</span> <span class='ocrx_word' id='word_1_357' title='bbox 738 3652 804 3714; x_wconf 93' lang='lat' dir='ltr'>iam</span> <span class='ocrx_word' id='word_1_358' title='bbox 831 3651 1004 3730; x_wconf 89' lang='lat' dir='ltr'>iuraverat,</span> <span class='ocrx_word' id='word_1_359' title='bbox 1032 3647 1088 3735; x_wconf 93' lang='lat' dir='ltr'>qui</span> <span class='ocrx_word' id='word_1_360' title='bbox 1121 3655 1153 3712; x_wconf 92' lang='lat' dir='ltr'>et</span> <span class='ocrx_word' id='word_1_361' title='bbox 1179 3647 1264 3712; x_wconf 88' lang='lat' dir='ltr'>inter</span> 
     </span>
     <span class='ocr_line' id='line_1_41' title="bbox 138 3729 1262 3825; baseline -0.008 -22"><span class='ocrx_word' id='word_1_362' title='bbox 138 3741 369 3825; x_wconf 86' lang='lat' dir='ltr'>imperatorem</span> <span class='ocrx_word' id='word_1_363' title='bbox 396 3735 491 3800; x_wconf 90' lang='lat' dir='ltr'>simul</span> <span class='ocrx_word' id='word_1_364' title='bbox 520 3745 553 3800; x_wconf 94' lang='lat' dir='ltr'>et</span> <span class='ocrx_word' id='word_1_365' title='bbox 581 3733 799 3800; x_wconf 89' lang='lat' dir='ltr'>marchionem</span> <span class='ocrx_word' id='word_1_366' title='bbox 826 3735 871 3799; x_wconf 93' lang='lat' dir='ltr'>ita</span> <span class='ocrx_word' id='word_1_367' title='bbox 901 3733 1028 3798; x_wconf 91' lang='lat' dir='ltr'>medius</span> <span class='ocrx_word' id='word_1_368' title='bbox 1061 3729 1262 3812; x_wconf 87' lang='lat' dir='ltr'>versabatur,</span> 
     </span>
     <span class='ocr_line' id='line_1_42' title="bbox 138 3813 1261 3906; baseline -0.008 -19"><span class='ocrx_word' id='word_1_369' title='bbox 138 3831 185 3904; x_wconf 93' lang='lat' dir='ltr'>ut,</span> <span class='ocrx_word' id='word_1_370' title='bbox 218 3823 247 3886; x_wconf 89' lang='lat' dir='ltr'>si</span> <span class='ocrx_word' id='word_1_371' title='bbox 278 3821 348 3886; x_wconf 86' lang='lat' dir='ltr'>fieri</span> <span class='ocrx_word' id='word_1_372' title='bbox 373 3829 494 3906; x_wconf 89' lang='lat' dir='ltr'>posset,</span> <span class='ocrx_word' id='word_1_373' title='bbox 522 3817 658 3884; x_wconf 86' lang='lat' dir='ltr'>alterum</span> <span class='ocrx_word' id='word_1_374' title='bbox 684 3820 819 3906; x_wconf 88' lang='lat' dir='ltr'>perdere</span> <span class='ocrx_word' id='word_1_375' title='bbox 848 3841 908 3905; x_wconf 90' lang='lat' dir='ltr'>per</span> <span class='ocrx_word' id='word_1_376' title='bbox 934 3816 1072 3883; x_wconf 85' lang='lat' dir='ltr'>alterum</span> <span class='ocrx_word' id='word_1_377' title='bbox 1097 3813 1261 3880; x_wconf 89' lang='lat' dir='ltr'>voluisset.</span> 
     </span>
    </p>
   </div>
   <div class='ocr_carea' id='block_1_7' title="bbox 138 4060 1263 4354">
    <p class='ocr_par' dir='ltr' id='par_1_8' title="bbox 138 4060 1263 4354">
     <span class='ocr_line' id='line_1_43' title="bbox 141 4060 1262 4136; baseline -0.009 -19"><span class='ocrx_word' id='word_1_378' title='bbox 141 4067 171 4134; x_wconf 90' lang='lat'>1)</span> <span class='ocrx_word' id='word_1_379' title='bbox 192 4067 321 4136; x_wconf 78' lang='lat' dir='ltr'>Cypriani</span> <span class='ocrx_word' id='word_1_380' title='bbox 341 4069 430 4134; x_wconf 82' lang='lat' dir='ltr'>Opera</span> <span class='ocrx_word' id='word_1_381' title='bbox 449 4083 476 4133; x_wconf 83' lang='lat' dir='ltr'>p.</span> <span class='ocrx_word' id='word_1_382' title='bbox 491 4065 554 4116; x_wconf 78' lang='lat'><strong>285.</strong></span> <span class='ocrx_word' id='word_1_383' title='bbox 620 4064 648 4126; x_wconf 78' lang='lat'>2)</span> <span class='ocrx_word' id='word_1_384' title='bbox 669 4067 779 4130; x_wconf 77' lang='lat' dir='ltr'>Opinon,</span> <span class='ocrx_word' id='word_1_385' title='bbox 799 4067 940 4132; x_wconf 81' lang='lat' dir='ltr'>episcopos</span> <span class='ocrx_word' id='word_1_386' title='bbox 959 4063 1022 4115; x_wconf 87' lang='lat' dir='ltr'>ideo</span> <span class='ocrx_word' id='word_1_387' title='bbox 1041 4061 1122 4111; x_wconf 85' lang='lat' dir='ltr'>fidem</span> <span class='ocrx_word' id='word_1_388' title='bbox 1141 4060 1262 4124; x_wconf 77' lang='lat' dir='ltr'>Egberto</span> 
     </span>
     <span class='ocr_line' id='line_1_44' title="bbox 139 4130 1263 4208; baseline -0.012 -15"><span class='ocrx_word' id='word_1_389' title='bbox 139 4143 234 4193; x_wconf 73' lang='lat' dir='ltr'>datm</span> <span class='ocrx_word' id='word_1_390' title='bbox 246 4157 300 4194; x_wconf 90' lang='lat' dir='ltr'>non</span> <span class='ocrx_word' id='word_1_391' title='bbox 313 4141 487 4208; x_wconf 84' lang='lat' dir='ltr'>praestitisse,</span> <span class='ocrx_word' id='word_1_392' title='bbox 507 4138 579 4206; x_wconf 88' lang='lat' dir='ltr'>qnod</span> <span class='ocrx_word' id='word_1_393' title='bbox 591 4139 732 4203; x_wconf 88' lang='lat' dir='ltr'>imperinm</span> <span class='ocrx_word' id='word_1_394' title='bbox 745 4136 879 4190; x_wconf 86' lang='lat' dir='ltr'>infirmum</span> <span class='ocrx_word' id='word_1_395' title='bbox 892 4137 1061 4198; x_wconf 86' lang='lat' dir='ltr'>Herimanni,</span> <span class='ocrx_word' id='word_1_396' title='bbox 1080 4133 1155 4184; x_wconf 87' lang='lat' dir='ltr'>cuius</span> <span class='ocrx_word' id='word_1_397' title='bbox 1169 4130 1263 4181; x_wconf 88' lang='lat' dir='ltr'>volun·</span> 
     </span>
     <span class='ocr_line' id='line_1_45' title="bbox 139 4204 1262 4282; baseline -0.012 -15"><span class='ocrx_word' id='word_1_398' title='bbox 139 4221 225 4268; x_wconf 83' lang='lat' dir='ltr'>tatem</span> <span class='ocrx_word' id='word_1_399' title='bbox 249 4230 344 4282; x_wconf 82' lang='lat' dir='ltr'>regere</span> <span class='ocrx_word' id='word_1_400' title='bbox 369 4218 493 4281; x_wconf 84' lang='lat' dir='ltr'>poterant</span> <span class='ocrx_word' id='word_1_401' title='bbox 520 4226 688 4278; x_wconf 83' lang='lat' dir='ltr'>quocumque</span> <span class='ocrx_word' id='word_1_402' title='bbox 707 4209 844 4272; x_wconf 85' lang='lat' dir='ltr'>volebant,</span> <span class='ocrx_word' id='word_1_403' title='bbox 863 4211 980 4262; x_wconf 84' lang='lat' dir='ltr'>tolerare</span> <span class='ocrx_word' id='word_1_404' title='bbox 1001 4224 1080 4276; x_wconf 89' lang='lat' dir='ltr'>quam</span> <span class='ocrx_word' id='word_1_405' title='bbox 1100 4221 1129 4257; x_wconf 85' lang='lat' dir='ltr'>ss</span> <span class='ocrx_word' id='word_1_406' title='bbox 1148 4204 1262 4269; x_wconf 82' lang='lat' dir='ltr'>imperio</span> 
     </span>
     <span class='ocr_line' id='line_1_46' title="bbox 138 4283 968 4354; baseline -0.008 -13"><span class='ocrx_word' id='word_1_407' title='bbox 138 4290 271 4341; x_wconf 84' lang='lat' dir='ltr'>severiori</span> <span class='ocrx_word' id='word_1_408' title='bbox 291 4288 406 4354; x_wconf 75' lang='lat' dir='ltr'>higberti</span> <span class='ocrx_word' id='word_1_409' title='bbox 430 4287 564 4338; x_wconf 85' lang='lat' dir='ltr'>subiicere</span> <span class='ocrx_word' id='word_1_410' title='bbox 584 4283 742 4336; x_wconf 86' lang='lat' dir='ltr'>maluerunt.</span> <span class='ocrx_word' id='word_1_411' title='bbox 817 4285 845 4348; x_wconf 84' lang='lat'>3)</span> <span class='ocrx_word' id='word_1_412' title='bbox 872 4285 903 4336; x_wconf 82' lang='grc'>0.</span> <span class='ocrx_word' id='word_1_413' title='bbox 923 4283 968 4334; x_wconf 75' lang='grc'>25.</span> 
     </span>
    </p>
   </div>
   <div class='ocr_carea' id='block_1_8' title="bbox 989 4363 1006 4414">
    <p class='ocr_par' dir='ltr' id='par_1_9' title="bbox 989 4363 1006 4414">
     <span class='ocr_line' id='line_1_47' title="bbox 989 4363 1006 4414; baseline 0 0"><span class='ocrx_word' id='word_1_414' title='bbox 989 4363 1006 4414; x_wconf 88' lang='lat'>8</span> 
     </span>
    </p>
   </div>
   <div class='ocr_carea' id='block_1_9' title="bbox 0 0 1563 4814">
    <p class='ocr_par' dir='ltr' id='par_1_10' title="bbox 0 0 1563 4814">
     <span class='ocr_line' id='line_1_48' title="bbox 0 0 1563 4814; baseline 0 0"><span class='ocrx_word' id='word_1_415' title='bbox 0 0 1563 4814; x_wconf 95' lang='lat' dir='ltr'> </span> 
     </span>
    </p>
   </div>
  </div>
 </body>
</html>
