3114 4814
293 334 327 384 ⁷4
474 335 524 385 DE
543 333 701 385 UNITA'I'E
719 333 924 386 necessus
945 333 1222 386 consueverim.

292 511 479 568 exercentes
501 501 622 588 praelia
645 512 677 568 et
695 501 866 568 seditiones
889 512 922 567 et
942 502 1192 569 dominationem
1214 511 1411 589 spernentes,

292 587 491 651 maiestatem
518 597 625 652 antem
657 585 929 672 blasphemantos;
957 587 1011 674 qui
1033 586 1221 653 extulissent
1247 610 1281 652 se
1311 609 1411 673 super

291 670 492 736 altitudinem
507 672 616 755 regiae
630 671 797 758 potestatis
820 682 853 738 et
866 672 1055 737 restitissent
1069 671 1263 737 ordinationi
1281 670 1410 736 divinae

292 755 520 853 dispositionis,
550 751 775 820 transferentes
801 779 836 820 re
883 765 959 820 aet
987 756 1185 842 negligentes
1214 755 1409 838 sacerdotia3

292 861 347 925 qur
369 839 466 903 etiam
487 843 627 925 pessimo
649 861 707 904 suo
731 862 847 926 exemp
861 863 892 922 o,
914 862 977 926 quo
999 848 1105 905 essent
1129 841 1258 926 periuri,
1282 839 1410 905 docuis-

292 931 363 988 sent
385 922 569 990 obedientes
591 923 654 989 sibi
674 923 822 989 infideles
841 946 910 990 esse
932 933 1027 1011 atque
1049 923 1191 1005 fallaces3
1223 925 1278 1010 qui
1300 925 1408 1007 etiam,

291 1016 403 1108 utpote
424 1018 675 1092 transgressores
689 1008 870 1073 divinarum
885 1009 1159 1094 humanarumque
1178 1007 1298 1093 legum,
1319 1009 1409 1073 insti-

291 1100 426 1157 tuissent
455 1115 530 1158 suos
557 1115 685 1180 quoque
714 1102 887 1158 sectatores
909 1092 1027 1157 divinis
1048 1091 1260 1179 humanisque
1281 1092 1408 1178 legibus

292 1198 362 1241 esse
382 1175 623 1260 inobedientes3
648 1177 703 1264 qni
727 1177 833 1261 etiam,
855 1186 964 1264 utpote
985 1176 1156 1242 violatores
1178 1177 1408 1242 ecelesiastico-

291 1283 362 1325 rum
394 1261 507 1346 privile
531 1262 644 1342 iorum,
696 1262 892 1327 ermisissent
925 1261 1066 1326 fautores
1101 1263 1242 1348 partium
1277 1281 1408 1326 suarum

290 1367 404 1431 rapere
435 1353 467 1410 et
521 1346 638 1432 iripere
670 1283 756 1410 lona
786 1354 819 1410 et
847 1369 898 1411 res
930 1345 1148 1427 eeclesiarum,
1181 1355 1218 1411 ut
1250 1345 1408 1410 eiusmodi

290 1429 435 1494 homines
462 1439 568 1494 essent
597 1427 658 1492 sibi
687 1430 902 1515 promptiores
923 1428 966 1492 ad
988 1450 1081 1494 omne
1102 1429 1192 1495 nefas
1212 1429 1406 1513 audendum,

292 1513 409 1600 quibus
431 1535 473 1578 ex
487 1512 717 1577 consuetudine
738 1513 803 1577 iam
825 1514 916 1600 quasi
937 1515 971 1577 in
992 1523 1138 1578 naturam
1153 1536 1248 1579 versa
1269 1524 1319 1580 est
1338 1512 1407 1578 dul-

291 1597 371 1662 cedo
394 1599 660 1680 coniurationum,
687 1599 872 1683 rapinarum
894 1607 989 1684 atque
1010 1596 1274 1682 homicidiorum3
1298 1597 1407 1686 quales

291 1679 415 1746 sedicet
428 1682 574 1768 episcopi
589 1703 653 1745 non
667 1691 774 1746 essent
787 1692 932 1768 pastores
947 1681 1163 1765 ecclesiarum,
1186 1681 1243 1748 sed
1258 1683 1407 1748 ductores

290 1763 456 1847 bellorum,
482 1788 548 1831 non
574 1766 722 1832 custodes
750 1766 982 1831 dominicarum
1011 1769 1130 1848 ovium,
1158 1767 1215 1832 sed
1237 1779 1273 1833 ut
1292 1789 1406 1866 graves

290 1848 358 1936 lupi
387 1860 607 1936 persecutores
634 1873 755 1932 earum,
782 1851 1001 1916 interfectores
1028 1853 1207 1916 animarum
1234 1861 1355 1938 pariter
1375 1860 1407 1916 et

292 1955 474 2020 corporum,
497 1957 572 1999 cum
592 1935 655 2021 ipsi
676 1936 719 2000 ad
739 1935 875 2000 tuendas
896 1945 1004 2022 partes
1025 1957 1100 2000 suas
1130 1935 1186 2000 diu
1206 1935 1406 2022 multumque

289 2019 341 2083 usi
355 2019 491 2083 fuissent
503 2019 652 2084 manibus
665 2020 837 2105 impiorum
855 2020 897 2084 ad
912 2020 1103 2084 occisionem
1121 2019 1293 2085 multorum
1307 2020 1408 2084 homi-

210 2117 280 2174 (xrx)
291 2126 378 2169 num.
406 2103 471 2168 Sed
489 2127 563 2168 cum
581 2103 661 2169 tales
678 2115 764 2168 certe
781 2103 900 2168 fuerint
915 2105 1060 2189 episcopi
1075 2103 1236 2169 Saxoniae
1252 2115 1284 2170 et
1301 2104 1407 2169 defen·

291 2209 378 2254 sores
405 2186 628 2269 Hildebranti,
657 2189 707 2252 sui
736 2186 859 2252 scilicet
884 2209 997 2274 papae,
1024 2187 1272 2273 praesumebant
1299 2197 1408 2254 tamen

253 2319 259 2347 ,
290 2271 508 2356 frequentibus
542 2270 686 2335 conciliis
722 2293 757 2346 se
789 2293 929 2358 suosque
960 2280 1132 2338 sectatores
1165 2273 1339 2338 iustificare
1375 2281 1408 2338 et

291 2354 491 2420 Henricbum
506 2377 625 2440 regem,
648 2378 743 2454 quem
764 2357 776 2418 i
801 2356 828 2420 si
848 2357 1051 2442 potissimum
1073 2356 1114 2422 de
1128 2379 1227 2444 regno
1244 2359 1406 2424 Saxoniae

291 2438 489 2525 expulerant,
520 2439 672 2504 damnare
701 2379 909 2526 erusdemque
936 2439 1148 2505 damnationis
1175 2452 1285 2507 notam
1307 2444 1406 2528 impo-

291 2546 366 2588 nere
388 2523 549 2610 episcopis
571 2533 668 2673 atqpe
689 2524 891 2623 principibus
919 2533 951 2590 et
973 2525 1121 2590 omnibus
1146 2527 1207 2675 qui
1232 2527 1406 2591 communi·

291 2616 401 2672 carent
415 2611 445 2673 ei
467 2618 499 2674 et
513 2608 570 2694 qui
584 2630 623 2672 su
646 2610 721 2673 iectr
742 2619 848 2674 essent
862 2611 902 2674 ei.
933 2609 1075 2696 Ideoque
1089 2620 1145 2674 tan

292 2693 499 2757 constitutum
521 2701 578 2776 est,
601 2692 872 2760 consentientibus
894 2693 1043 2779 utrinque
1065 2694 1173 2795 episeo
1197 2695 1234 2776 is,
1255 2703 1292 2759 ut
1311 2716 1408 2760 causa

290 2774 405 2862 longae
426 2778 683 2861 concertationis,
727 2801 788 2844 uae
808 2800 874 2842 non
920 2778 999 2841 ossit
1017 2781 1133 2842 confici
1153 2717 1278 2865 gladiis,
1300 2780 1407 2844 termi-

290 2872 422 2927 naretur
448 2860 548 2943 libris,
578 2801 771 2928 laetantibus
799 2799 972 2926 admodum
994 2860 1095 2945 laicis,
1117 2885 1254 2948 quorum
1276 2863 1407 2952 sanguis

292 2946 411 3010 effusus
445 2954 494 3011 est
525 2955 573 3010 tot
603 2945 748 3032 praeliis,
777 2945 864 3033 quod
894 2945 937 3010 ad
968 2945 1030 3010 hoe
1086 2957 1251 3012 errentum
1283 2949 1339 3031 sit,
1371 2957 1408 3013 ut

315 3052 349 3093 er
377 3031 467 3114 ipsos
496 3039 642 3094 auctores
670 3029 746 3096 belli
773 3039 884 3095 contra
910 3053 1020 3116 regem
1084 3031 1249 3096 enrichum
1279 3032 1408 3098 decerni

290 3051 416 3194 debeat,
445 3111 531 3200 quod
560 3113 607 3178 ibi
635 3115 757 3179 iustitia
782 3117 832 3196 sit,
854 3115 939 3180 unde
960 3115 1097 3179 victoria
1117 3116 1224 3198 fuerit,
1247 3138 1320 3181 cum
1343 3116 1407 3182 tale

291 3196 445 3261 iudicium
487 3198 643 3275 veritatis,
688 3198 775 3286 quod
816 3198 965 3264 facillime
1008 3222 1051 3264 ex
1085 3199 1176 3266 libris
1211 3202 1406 3287 agnoscitur,

291 3303 355 3345 non
384 3282 485 3367 possit
511 3281 563 3347 vel
589 3281 656 3346 falli
682 3281 735 3348 vel
759 3283 877 3350 fallere.
920 3284 974 3348 Fit
1000 3295 1175 3350 conventus
1201 3286 1236 3349 in
1256 3284 1327 3350 loeo

215 3365 408 3431 rosadicitur
435 3364 642 3452 Gorstnngun
672 3368 721 3433 13.
747 3368 821 3433 Kal.
850 3368 1028 3450 Februarii,
1056 3391 1140 3434 anno
1167 3369 1289 3436 seilicet
1314 3308 1406 3437 lllldb.

291 3449 333 3515 ab
367 3451 585 3517 incarnatione
618 3451 780 3518 Dominil.
828 3453 913 3517 Tum
944 3453 1049 3539 primo
1082 3452 1294 3518 Ohuonradus
1329 3454 1407 3518 Tra

292 3535 441 3600 iectensis
473 3535 626 3600 ecelesiae
659 3537 846 3624 episeopus:
877 3537 993 3619 ‘Ecce',
1025 3537 1140 3624 inquit,
1174 3539 1340 3620 ‘venimus
1370 3547 1407 3602 ut

292 3619 465 3706 probemus
487 3642 529 3684 ex
543 3621 724 3685 testimonio
743 3631 927 3686 sanctorum
949 3643 1118 3702 canonum,
1140 3645 1205 3688 non
1220 3621 1406 3686 damnatum

293 3725 362 3768 esse
389 3702 441 3768 vel
467 3707 783 3769 excommunicatum
809 3729 919 3792 regem
946 3714 1091 3771 nostrum
1112 3705 1320 3788 Henricbum,
1342 3706 1406 3789 cui,

293 3787 320 3851 si
346 3807 412 3850 non
439 3796 590 3872 poterunt
616 3788 769 3874 prodesse
797 3789 885 3876 apud
906 3812 965 3854 vos
990 3812 1029 3856 ea
1058 3813 1140 3879 quae
1161 3791 1301 3877 legitime
1323 3789 1406 3856 ordi·

292 3880 368 3935 nata
396 3882 470 3937 sunt
498 3894 517 3936 a
543 3871 614 3936 Deo
643 3873 729 3937 eirca
755 3873 908 3940 honorem
935 3876 1070 3961 regium,
1098 3875 1210 3941 saltem
1238 3874 1300 3939 hoe
1333 3897 1407 3940 eon-

293 3954 406 4038 cedite,
434 3963 470 4020 ut
496 3977 534 4020 eo
563 3965 671 4021 utatur
692 3959 772 4041 iure,
795 3980 858 4046 quo
881 3981 924 4024 ex
944 3959 1063 4044 regulis
1085 3959 1310 4025 ecclesiasticis
1332 3981 1407 4025 con-

292 4062 419 4105 cessum
447 4048 496 4105 est
523 4041 570 4104 uti
599 4040 650 4105 vel
676 4041 804 4106 infimae
831 4044 864 4106 in
886 4042 1022 4109 eeclesia
1043 4047 1217 4130 personac’.
1259 4045 1304 4109 Et
1324 4044 1408 4109 dixit

290 4123 333 4189 ad
355 4123 556 4190 Wezelinum
578 4124 785 4212 Moguntinae
806 4127 960 4193 ecelesiae
982 4129 1181 4215 episcopum,
1206 4139 1242 4195 ut
1263 4136 1409 4215 surgeret

1169 2632 1219 2674 ern
1234 2609 1406 2697 aliquando

293 4333 320 4396 1)
339 4333 408 4385 dnn.
428 4336 598 4400 Yburgenses
616 4336 733 4398 tradunt,
753 4337 820 4390 dnos
840 4344 987 4390 cenventus
1005 4341 1033 4388 in
1051 4338 1117 4390 villa
1136 4339 1307 4405 Gerstunguu
1333 4345 1408 4391 actos

292 4422 361 4472 esso,
381 4407 495 4459 alterum
515 4425 540 4462 a.
562 4409 642 4474 1084,
662 4410 774 4461 alterum
794 4427 819 4463 a.
841 4411 910 4462 1085
930 4409 979 4479 (cf.
1000 4411 1049 4464 SS.
1069 4412 1143 4474 XVI,
1162 4429 1189 4480 p.
1209 4412 1285 4477 438).
