3116 4822
277 349 360 400 XXII
728 347 944 399 PRAEFATIO.

272 527 439 604 pupnant.
486 517 580 595 Quod
607 524 714 578 autem
743 517 781 580 in
807 516 869 580 bac
895 539 931 580 re
957 515 1038 580 mali
1063 516 1157 597 toea,
1185 518 1222 581 id
1246 540 1395 602 compen·

275 613 371 666 catur
392 625 427 668 eo
471 601 538 665 uod
555 599 754 666 Woltramuc
775 622 902 665 summo
918 599 1152 686 probabilitate
1174 603 1271 667 etiam
1294 603 1334 668 de
1351 606 1396 669 iio

274 625 575 767 coenonobium
597 684 715 768 quibua
737 685 873 749 aliunde
895 685 981 748 nibil
1004 686 1084 748 certi
1105 687 1304 752 audivimus.

361 770 428 838 See
453 771 642 835 historicum
673 791 774 832 ¹enim
803 769 970 833 scribendi
996 791 1063 833 non
1087 769 1231 856 amplius
1248 773 1394 855 pertinet

276 878 376 1005 wara
402 878 504 940 usque
533 853 578 918 acl
605 792 693 917 meli

693 876 748 917 um
775 863 876 938 caput
897 853 948 918 37.
992 853 1041 917 Ab
1070 853 1128 918 boo
1161 854 1230 920 loco
1258 867 1394 942 pupnat

320 938 481 1004 oltramua
503 947 619 1004 contra
633 938 809 1002 monachos
824 938 1091 1022 Hircaupienoeo.
1122 939 1213 1003 Haec
1234 940 1393 1024 refutatio

274 1046 341 1087 non
362 1033 488 1088 tontum
510 1025 661 1103 continet,
683 1031 842 1108 quantum
865 1022 1033 1102 bominem,
1056 1024 1121 1107 qui,
1145 1026 1280 1107 quantis
1295 1025 1394 1089 malie

276 1116 368 1172 actae
384 1116 597 1193 premeretur,
621 1106 698 1172 bene
719 1106 923 1188 intellcnerit,
945 1109 1148 1192 scripturam
1164 1129 1231 1172 ecee
1242 1118 1392 1194 patareo.

358 1193 388 1258 3.
434 1193 540 1258 Tertio
569 1189 664 1271 libro,
694 1192 789 1254 cuiue
820 1191 899 1271 finio
935 1199 993 1256 aut
1020 1192 1172 1275 perditus
1205 1201 1265 1256 aut
1297 1216 1391 1258 num-

274 1297 372 1360 quam
397 1275 564 1360 perfectae
590 1283 646 1355 eet,
674 1274 871 1342 Waltramuo
901 1275 939 1340 ele
967 1276 1002 1340 ui
1023 1285 1300 1341 eaormaentorum
1323 1277 1391 1342 clic-

267 1369 407 1444 putane,
427 1361 585 1444 inprimis
599 1359 784 1444 Aupuetini
797 1360 963 1424 sententiis
978 1360 1089 1442 minuo,
1105 1383 1261 1446 umquam
1275 1383 1391 1426 eucra-

273 1454 381 1510 menta
403 1445 468 1510 uim
489 1465 583 1510 enam
605 1443 749 1508 amittere
770 1452 876 1529 nepot.

360 1527 428 1593 Sccl
443 1529 521 1592 baec
537 1528 704 1592 bactenuc.
734 1525 828 1591 Satio
850 1528 936 1592 enim
956 1527 1145 1612 eapocuieoe
1165 1528 1248 1594 milti
1268 1529 1392 1611 uideor,

274 1613 349 1696 quio
369 1612 448 1678 libri
470 1621 585 1676 auctor
598 1634 665 1676 eece
687 1620 716 1675 et
729 1611 931 1696 quemflnem
954 1622 1181 1697 arpumentum
1202 1610 1282 1678 libri
1300 1615 1392 1697 sequi

273 1697 447 1761 aaaron.
469 1697 671 1782 Priusquam
686 1705 793 1760 autem
807 1696 893 1760 banc
910 1717 1030 1762 nouam
1046 1696 1219 1761 editionem
1236 1699 1274 1762 in
1289 1697 1390 1762 lucem

270 1781 408 1865 prodire
421 1781 525 1862 iubeo,
540 1802 644 1844 meum
659 1802 726 1844 esee
738 1789 830 1864 puto,
846 1782 877 1844 ei
890 1781 1021 1866 pretias
1039 1803 1147 1866 apere,
1163 1783 1222 1866 qui
1237 1780 1391 1867 aliquan-

273 1875 341 1930 tum
364 1866 495 1929 adiuuit
517 1865 564 1928 acl
590 1886 656 1929 rem
674 1864 924 1948 perficiendam.
966 1865 1056 1930 Nom
1084 1863 1146 1928 Dr.
1169 1865 1210 1928 K.
1231 1867 1391 1948 Eteocle,

272 1950 327 2013 uir
358 1951 579 2030 doctissimus,
617 1957 653 2012 ut
688 1970 834 2034 quaeque
863 1970 949 2034 paro
986 1949 1085 2013 baluc
1117 1950 1269 2015 editionis
1302 1952 1392 2037 typis

272 2035 441 2118 enocripto
468 2043 549 2115 erat,
578 2056 649 2098 eom
671 2033 865 2119 corripebat,
894 2055 952 2096 nec
979 2032 1083 2096 solum
1107 2034 1283 2099 nonnullae
1303 2035 1390 2099 locoe

272 2119 444 2201 eocriptie
460 2126 597 2202 patrum
621 2116 910 2182 ecclesiasticorum
927 2114 1044 2181 allatae
1064 2121 1278 2203 comparauit,
1302 2141 1392 2204 quoe,

272 2224 345 2265 curn
366 2202 448 2265 mibi
468 2223 537 2265 non
560 2222 666 2264 omnee
694 2201 771 2266 libri
794 2209 931 2284 praesto
957 2208 1071 2283 eeoent,
1101 2225 1168 2266 non
1189 2205 1389 2286 inuenerem,

273 2285 330 2350 secl
352 2287 448 2350 etiam
469 2287 507 2350 in
528 2293 618 2348 teatu
639 2283 842 2349 emendando
865 2284 981 2369 aliquo
1002 2284 1078 2350 bene
1101 2286 1282 2354 admonuit.

788 2512 833 2578 W.
857 2511 1349 2584 SCHWENKENBECHER.
