3098 4818
442 325 562 376 BRUNO
580 325 629 375 DE
648 324 767 376 BELLO
787 324 975 378 SAXONICO.
1226 325 1264 376 87

150 496 231 581 quid
245 503 376 558 nostra³
391 496 530 574 interest,
546 503 582 557 ut
595 497 664 558 iam
679 493 803 558 dudum
809 493 945 576 finitam
960 495 1081 580 synodi
1093 495 1265 562 Romanae
1277 511 1343 554 sors.

150 581 341 643 sententiam
372 588 581 643 retractemus
613 587 641 641 et
673 579 780 642 denuo
814 578 860 642 ad
881 581 1052 644 rationem
1076 579 1265 662 ponamus?

154 661 243 736 Quid
277 663 322 726 ad
358 685 433 744 nos,
464 671 500 726 ut
525 661 755 741 discutiamus,
790 664 820 725 si
847 661 899 726 itti
927 664 1056 728 iustitia
1073 663 1194 746 faueat
1218 663 1267 728 ad

151 746 360 810 obtinendum
386 769 539 832 reqnum,
567 749 623 810 cui
649 769 705 809 oos
730 749 827 831 reqni
853 745 1075 831 qubernacuba
1100 749 1169 812 iam
1191 758 1267 811 ante

150 832 330 894 triennium
361 830 486 917 sqnodo
518 830 687 894 indicante
721 829 959 894 interdimistis?
1007 830 1128 895 Nonne
1159 834 1268 918 maqis

151 917 304 998 oportuit,
327 924 362 978 ut
376 914 538 978 iudicium
552 912 637 978 illud
651 915 813 978 discussio
852 915 1042 996 raecederet,
1066 938 1163 1001 qnam
1178 939 1267 980 nnnc

149 999 281 1062 tandem
303 997 537 1083 subsequatur?
570 997 731 1062 Novimus
753 937 1002 1084 intediqentiam
1016 1011 1164 1081 uestram,
1186 1003 1268 1085 quia

150 1105 329 1166 numquam
350 1083 389 1147 de
410 1105 446 1146 re
467 1082 659 1147 indiscussa
673 1082 818 1168 synodus
840 1082 930 1146 uobis
946 1085 1157 1167 praesidente
1176 1085 1266 1148 iudi-

151 1169 246 1230 caoit.
281 1163 372 1239 Quae
387 1189 463 1252 erqo
479 1169 651 1230 necessitas
667 1167 827 1230 secundae
842 1167 1078 1232 discussionis?
1105 1167 1146 1233 Si
1161 1179 1268 1233 autem

148 1250 342 1333 praedictus
363 1249 418 1314 ide
440 1250 586 1314 nondum
608 1251 777 1314 discussus
799 1260 857 1331 est,
888 1251 945 1315 sed
974 1254 1058 1316 sicut
1078 1275 1135 1316 oos
1156 1253 1268 1317 dicitis

151 1335 261 1397 adbuc
283 1334 525 1415 discediendus,
553 1356 636 1418 quae
657 1337 745 1398 ratio
757 1336 847 1419 fuit,
876 1345 911 1398 ut
932 1335 1058 1400 bomini
1078 1338 1267 1402 indiscusso

150 1441 186 1482 re
212 1416 276 1482 abis
298 1417 446 1504 diqnitas
461 1440 501 1482 esc
523 1418 685 1504 diqnitate
700 1417 882 1502 apostolica
897 1421 966 1483 sine
981 1419 1047 1484 udo
1062 1420 1269 1486 condicionis

152 1526 173 1566 a
199 1502 375 1566 ditamento
410 1501 680 1567 interdiceretur?
731 1501 771 1566 Si
806 1503 953 1566 nondum
989 1503 1174 1586 discussus,
1211 1504 1270 1569 sed

151 1587 260 1651 adbuc
293 1586 530 1668 discutiendus,
563 1609 665 1672 quare
700 1589 773 1672 reqi
807 1585 903 1651 alteri
935 1587 1062 1652 obedire
1089 1609 1130 1651 esc
1159 1597 1269 1652 uestra

151 1672 344 1734 astctoritate
371 1673 457 1734 iussi
484 1693 610 1751 sumus,
635 1672 836 1755 priusquam
866 1681 985 1735 certum
1003 1670 1143 1756 fuisset,
1170 1675 1269 1738 istum

151 1777 217 1818 nou
235 1775 332 1837 posse
354 1753 516 1839 reqnare?
546 1754 657 1817 Huius
671 1756 722 1818 rei
742 1763 832 1817 testes
853 1765 930 1817 sunt
946 1756 1039 1838 apud
1060 1779 1121 1819 nos
1143 1755 1268 1820 litterae

151 1847 295 1919 uestrae;
319 1840 398 1922 quip
425 1861 441 1901 e
456 1837 543 1923 quod
557 1835 684 1922 leqatus
696 1837 782 1901 sedis
795 1861 815 1899 a
842 1837 992 1902 ostolicae
1004 1849 1111 1902 uestra
1122 1842 1269 1904 iussione

152 1923 315 1986 anteriori
328 1919 381 1986 ilbi
394 1860 501 1986 denuo
515 1923 612 2007 reqni
625 1860 850 2006 qubernacudb
870 1923 1093 1987 interdicendo
1110 1946 1132 1986 a
1145 1921 1269 1988 limini-

151 2006 212 2070 bus
233 2015 366 2070 sanctae
388 2006 538 2070 ecclesiae
560 2008 729 2089 separavit
750 2015 817 2069 tam
838 2004 930 2070 ilium
956 2029 1054 2090 quam
1077 2029 1184 2071 omnes
1205 2007 1271 2072 sibi

152 2092 402 2172 consentientes,·
426 2089 564 2154 aiterum
585 2112 669 2170 vero,
693 2093 809 2176 quiin
831 2088 935 2154 locum
957 2088 1049 2155 illius
1071 2090 1270 2176 subroqatus

152 2185 197 2239 est
217 2184 331 2239 nostra
352 2173 512 2256 electione,
533 2177 570 2238 in
591 2177 719 2259 reqiam
740 2174 933 2259 diqnitatem
954 2175 1135 2259 apostolica
1158 2185 1269 2239 aucto·

151 2261 249 2323 ritate
278 2259 497 2340 confirmauit,
528 2257 761 2343 omnibusque?
793 2261 830 2322 in
858 2281 959 2343 reqno
990 2259 1163 2324 Teutonico
1192 2282 1269 2323 con-

152 2342 355 2422 sistentibus,
392 2353 428 2405 ut
456 2343 519 2406 sibi
547 2343 713 2424 obediant,
749 2365 789 2406 eu
816 2353 916 2426 parte
946 2345 1175 2427 omnipotentis
1204 2343 1271 2408 Dei

147 2429 329 2510 praecepit.
373 2426 544 2510 Numquid
571 2427 650 2490 baec
681 2430 792 2491 omnia
818 2427 1017 2491 destruenda
1045 2437 1122 2491 sunt
1150 2437 1179 2490 et
1202 2449 1270 2512 pro

153 2509 276 2573 nicbilo
291 2509 500 2594 reputanda?
530 2510 569 2574 Ut
585 2521 691 2574 autem
706 2511 744 2574 de
765 2509 903 2596 reliquis
927 2511 1074 2575 omnibus
1094 2521 1270 2591 taceamus,

153 2602 235 2657 certe
257 2595 287 2658 si
307 2592 380 2657 sola
400 2593 460 2658 ida
483 2592 642 2658 absolutio
664 2604 952 2674 sacramentorum,
974 2617 1073 2680 quam
1090 2597 1127 2658 in
1143 2595 1269 2680 synodo

142 2677 287 2763 fecistis,
308 2675 450 2762 qffectum
472 2677 627 2741 babitura
649 2688 703 2759 est,
726 2677 950 2742 indubitanter
970 2688 1096 2742 constat
1110 2681 1189 2763 quia
1211 2681 1271 2743 iste

152 2783 213 2824 reu
242 2783 308 2825 esse
338 2784 405 2825 non
457 2771 541 2826 otest.
588 2760 755 2836 Quomodo
784 2764 871 2826 enim
898 2785 1039 2892 reqnare
1059 2772 1182 2846 potest,
1215 2765 1272 2826 cui

154 2844 266 2910 nullus
289 2846 403 2910 amodo
442 2844 609 2910 'delitatem
630 2868 671 2910 eu
694 2845 798 2910 debito
814 2856 936 2909 servat.
969 2845 1135 2920 Quomodo
1158 2868 1270 2931 reqere

150 2953 197 3014 po
224 2929 314 2994 ulum
330 2940 452 3014 potest,
483 2932 541 3016 qui
568 2933 606 2994 in
629 2930 768 3015 aqendis
791 2932 901 2993 causis
928 2928 1089 3015 leqalibus
1111 2934 1270 2995 neminem

211 3014 412 3098 faciendum
440 3017 560 3078 iustum
589 3016 752 3078 iudicium
774 3024 1051 3078 sacramentorum
1074 3013 1271 3100 obiiqatione

154 3101 375 3183 constrinqere
396 3097 517 3182 potest?
561 3097 601 3163 Si
623 3107 745 3179 autom,
768 3097 856 3184 quod
878 3099 977 3180 absit,
1007 3122 1027 3161 a
1055 3098 1187 3164 ostolica
1209 3097 1272 3164 itta

153 3181 364 3268 indulqentia
415 3204 452 3246 ro
483 3191 556 3246 rato
584 3182 736 3246 babendo
762 3205 828 3246 non
859 3192 919 3264 est,
953 3122 1051 3267 quidm
1055 3185 1117 3247 erit
1142 3182 1182 3248 de
1202 3181 1272 3248 iilis

153 3268 317 3350 episcopis
332 3276 360 3329 et
409 3269 463 3346 iis,
486 3269 544 3351 qui
558 3278 632 3350 spec
642 3267 838 3351 praedictae
854 3265 1068 3331 absolutionis
1082 3269 1273 3332 iuramenta

155 3349 315 3414 Heinrico
344 3351 519 3433 praedicto
539 3349 641 3434 facta
675 3349 906 3435 infreqerunt?
949 3350 1070 3414 Nonne
1099 3348 1272 3434 manifeste

136 3435 298 3519 periurii
327 3433 587 3498 convincuntur?
631 3433 672 3498 Si
701 3437 787 3498 enim
815 3431 870 3498 ilie
891 3437 974 3498 iuste
995 3456 1137 3520 reqnare
1153 3441 1271 3518 potest,

153 3520 212 3582 isti
232 3519 352 3582 iniuste
370 3517 526 3603 fecerunt
548 3521 606 3604 qui
626 3520 813 3603 promissae
835 3517 899 3582 sibi
913 3516 1087 3598 fidelitatis
1111 3521 1226 3603 iuqum
1249 3541 1272 3582 a

153 3625 187 3666 se
211 3604 431 3684 proiecerunt.
474 3601 592 3666 Adbuc
620 3601 724 3666 abiud.
776 3599 866 3676 Quid
895 3601 934 3666 de
962 3601 1030 3666 idis
1057 3603 1271 3666 sacramentis

153 3689 216 3750 erit
230 3709 313 3770 quae
322 3695 440 3770 postea
454 3689 528 3772 reqi
541 3685 687 3772 Rodubfo
693 3685 795 3817 pacta
810 3696 895 3768 sunt,
917 3688 1013 3750 cuius
1028 3685 1150 3752 ditioni
1164 3695 1272 3750 vestra

154 3772 347 3835 auctoritate
375 3770 545 3856 subiuqati
574 3792 700 3835 sumus.
757 3771 839 3835 Ecce
867 3769 975 3856 qualis
1003 3791 1113 3835 rerum
1137 3779 1271 3854 pertur-

153 3855 264 3918 batio!
306 3853 486 3919 Attendant
507 3864 536 3918 et
557 3855 690 3919 uideant
712 3877 819 3919 omnes
842 3857 900 3941 qui
920 3877 1039 3919 sanum
1060 3857 1213 3938 sapiunt,
1241 3855 1273 3918 si

142 3937 278 4024 factum
306 3948 352 4004 est
373 3939 609 4019 huiuscemodi,
639 3941 671 4004 si
692 3939 811 4004 audita
832 3948 876 4003 est
898 3962 1044 4025 unquam
1071 3942 1109 4003 in
1136 3937 1272 4002 ecclesia

154 4021 315 4106 confusio,
339 4022 457 4088 similis
473 4023 549 4088 buic
564 4021 763 4108 confusioni.
808 4022 924 4104 Videte,
947 4025 1115 4088 carissime
1130 4022 1271 4102 domine,

154 4109 236 4190 quia
266 4117 357 4172 terra
384 4117 540 4172 commota
566 4116 612 4171 est
639 4116 668 4169 et
695 4105 898 4172 conturbata.
947 4106 988 4172 Si
1018 4106 1116 4172 unitis
1146 4126 1271 4170 sanare

153 4193 365 4257 contritiones
387 4194 468 4274 eius,
489 4193 527 4256 in
549 4214 585 4255 eo
608 4191 696 4277 quod
717 4187 869 4275 coepistis
882 4191 1026 4273 firmiter
1042 4192 1220 4276 persistite,
1243 4199 1273 4256 st

153 4351 179 4402 a)
195 4356 272 4395 restro
288 4355 309 4396 2.
368 4352 393 4407 b>
409 4365 454 4406 qus
469 4355 524 4395 deest
542 4357 562 4398 ι’.
624 4351 645 4406 c)
662 4354 693 4394 tta
709 4355 735 4405 25
751 4357 846 4406 propter
862 4356 882 4396 ι.
