3114 4814
342 346 394 396 Da
413 345 571 396 UNITATE
592 345 792 398 accusatas
814 346 1089 400 CONSERVANDA.
1243 349 1276 398 79

153 537 213 580 eos
244 515 300 600 qui
328 512 487 578 eiusmodi
508 525 582 578 sunt
608 514 785 599 periurium
806 523 902 599 atque
923 514 1069 600 perfidia,
1095 525 1141 598 ut,
1163 514 1276 582 hereti·

156 619 269 663 corum
297 596 393 661 simul
421 597 713 696 catholicorumque
743 597 941 662 confessione
967 601 1130 684 permista,
1158 611 1276 666 cuncta

157 705 253 748 verae
281 691 314 746 et
342 703 497 768 syncerae
528 682 585 747 reli
609 683 692 747 ion1s
726 683 790 746 sint
821 682 958 765 turbata,
992 682 1212 770 catholicaque
1245 694 1277 750 et

157 765 336 853 apostolica
367 767 492 852 puritas
529 705 670 831 coniusa.
721 768 847 832 Periuri
883 769 1004 854 quippe
1039 769 1209 854 patricidis
1245 781 1278 834 et

156 851 335 916 matricidis
357 853 564 938 caeterisque,
587 855 643 938 qui
663 873 729 916 non
750 851 961 937 possidebunt
981 875 1116 938 regnum
1137 853 1213 936 Dei,
1235 855 1277 920 ab

155 933 304 1021 apostolo
319 946 556 1022 comparantur,
580 957 675 1023 quam
697 937 821 1001 scilicet
842 937 1034 1001 sententiam
1056 936 1162 1001 nullus
1176 938 1433 1012 homi-1.rim.1,1o.

154 1042 235 1084 num
268 1041 364 1106 posse
396 1018 520 1084 solvere
552 1019 724 1107 probatur,
754 1021 892 1107 ideoque
921 1021 1035 1084 maiori
1063 1021 1277 1087 damnationis

156 1105 315 1170 sententia
330 1104 476 1190 episcopi
497 1103 713 1186 involvuntur,
737 1127 801 1204 qua
822 1105 943 1190 periuri
958 1127 1028 1170 esse
1043 1105 1277 1190 declarentur⁸,

157 1189 215 1276 qui
235 1189 407 1273 praecipue
430 1210 472 1252 ex
494 1188 644 1253 mandato
667 1189 800 1254 Domini
821 1211 880 1274 per
901 1188 1104 1274 euangelium
1127 1191 1223 1255 simul
1245 1203 1279 1256 et

157 1294 201 1337 ex
216 1273 389 1337 constituto
405 1293 565 1337 canonum
580 1275 686 1338 iurare
700 1273 921 1359 prohibentur.
947 1273 1140 1340 Iuraverant
1155 1277 1276 1375 quippe

155 1356 321 1422 Hemicho
351 1357 421 1442 regi
451 1379 561 1422 omnes
590 1359 800 1443 suprascripti
827 1357 971 1444 episcopi
998 1357 1122 1444 absque
1149 1359 1198 1424 his
1221 1362 1278 1446 qui

156 1462 201 1505 ex
221 1441 392 1506 occasione
414 1439 490 1506 belli
512 1440 665 1506 Saxonici
685 1443 803 1508 furtive
825 1452 900 1508 sunt
921 1441 1111 1526 introducti3
1140 1465 1277 1531 quorum

154 1525 326 1613 perfidiam
348 1533 380 1590 et
393 1523 521 1590 hereses
542 1535 639 1612 atque
654 1529 805 1590 scismata
827 1527 854 1590 si
869 1527 941 1612 quis
956 1525 1127 1612 diligenter
1141 1527 1278 1594 attendit

156 1619 190 1674 et
217 1609 350 1674 discutit
375 1631 435 1695 per
463 1609 599 1694 singula,
626 1613 803 1698 perspiciet
824 1632 912 1694 sane,
933 1633 1099 1698 nunquam
1121 1611 1162 1676 ab
1184 1613 1276 1677 initio

155 1695 318 1759 nascentis
340 1693 496 1759 ecclesiae
519 1703 567 1759 tot
588 1705 620 1760 et
640 1703 730 1759 tanta
750 1695 834 1758 sicut
854 1716 940 1758 nunc
962 1706 1036 1760 sunt
1057 1696 1156 1761 fuisse
1186 1720 1277 1762 soan-

156 1777 303 1842 dalorum
324 1800 453 1864 genera,
476 1800 613 1864 quorum
636 1800 711 1842 cum
733 1802 832 1864 supra
845 1779 1022 1844 dixerimus
1045 1779 1163 1867 aliqua,
1184 1781 1277 1867 plura

155 1862 264 1928 adhuc
292 1861 447 1946 dicemus,
474 1885 556 1949 quae
584 1885 643 1948 per
664 1863 806 1948 singulos
827 1862 899 1928 illos
924 1863 1221 1950 pseudoepiscopos
1242 1868 1277 1930 in

83 1974 85 1980 ·
156 1946 293 2012 ecclesia
318 1947 382 2012 sint
408 1956 510 2033 gesta,
541 1968 615 2010 cum
642 1969 681 2012 ea
710 1969 792 2034 quae
824 1949 983 2032 gesserint
1014 1950 1049 2011 in
1080 1972 1115 2014 re
1169 1949 1277 2014 ublica

155 2033 221 2097 sint
249 2030 398 2096 omnibus
427 2031 606 2096 manifesta.
651 2031 742 2098 Sicut
769 2033 855 2096 enim
882 2055 941 2118 per
960 2053 1061 2096 unum
1083 1972 1276 2099 scribentem

156 2138 269 2182 eorum
291 2117 434 2180 omnium
456 2114 586 2201 vulgata
607 2117 818 2202 transgressio
834 2126 890 2200 est,
915 2117 1026 2202 quiin
1049 2117 1184 2182 eandem
1200 2119 1276 2182 scis-

155 2201 251 2266 matis
273 2209 306 2264 at
329 2222 370 2264 uc
391 2199 546 2285 perfidiae
567 2200 748 2266 reciderant
762 2201 921 2265 actionem
936 2200 1158 2286 amplectendo
1173 2225 1203 2266 rn
1249 2204 1276 2266 is

155 2295 253 2384 atque
268 2223 467 2350 deiendendo
490 2285 540 2348 sui
556 2285 708 2384 Gregorii
725 2295 850 2372 partem
872 2285 1160 2379 quamcatholicae
1175 2225 1276 2352 acade-

155 2391 223 2434 s1ae
252 2369 506 2451 universitatem,
537 2370 583 2432 sic
608 2392 643 2432 1n
671 2389 735 2434 uno
758 2369 944 2456 eodemque,
968 2371 1024 2456 qui
1038 2392 1104 2518 pro
1127 2370 1277 2436 omnibus

156 2454 330 2538 scripserat
340 2451 393 2516 vel
408 2452 579 2518 scribendo
596 2454 738 2518 omnium
749 2453 928 2518 voluntates
942 2453 1036 2602 prodi
1060 2463 1137 2538 erat,
1149 2465 1275 2540 cuncta,

158 2559 241 2623 quae
268 2537 310 2601 ad
339 2537 486 2601 notitiam
514 2559 622 2602 rerum
649 2537 726 2602 satis
752 2537 880 2603 abunde
907 2539 941 2602 iu
965 2538 1088 2602 icamus
1116 2541 1275 2620 sufficere,

157 2621 323 2686 studemus
344 2620 481 2686 fideliter
501 2643 541 2686 ex
567 2643 674 2691 onere.

240 2708 292 2771 21.
334 2707 444 2770 Primo
473 2707 605 2790 quiem
633 2703 805 2770 dicendum
836 2714 893 2788 est,
923 2706 1010 2792 quod
1038 2708 1107 2772 sine
1134 2704 1274 2772 lacrimis
1285 2727 1369 2783 (xxii)

156 2788 223 2854 dici
243 2812 310 2854 non
332 2799 467 2876 oportet,
490 2790 566 2876 quia
586 2801 689 2856 mater
709 2798 829 2872 nostra,
854 2800 965 2854 sancta
987 2789 1109 2856 scilicet
1130 2793 1275 2856 Romana

156 2874 303 2956 ecclesia,
333 2875 367 2938 in
393 2884 514 2939 tantam
537 2873 775 2961 despectionem
802 2873 888 2960 apud
910 2873 1065 2940 adversae
1086 2877 1187 2962 partis
1209 2879 1274 2962 epi-

155 2979 272 3045 scopos
286 2961 384 3041 venit,
405 2969 450 3042 ut,
473 2959 556 3023 sicut
577 2961 611 3022 in
632 2961 777 3024 Romana
799 2957 981 3044 republica
1001 2981 1066 3024 non
1087 2969 1195 3046 potest
1215 2983 1275 3025 rex

155 3051 213 3108 aut
240 3043 415 3128 imperator
444 3064 525 3124 esse,
554 3043 618 3107 nisi
648 3065 744 3130 quem
768 3042 867 3106 iidem
888 3045 952 3129 ipsi
973 3043 1081 3126 velint,
1104 3047 1170 3132 qui,
1192 3045 1276 3110 sicut

157 3125 325 3192 Gelasius¹
360 3129 576 3214 conqueritur,
608 3143 665 3195 sedi
697 3143 857 3208 apostolicae
883 3149 1039 3208 potestatem
1065 3143 1201 3210 mimator
1232 3145 1276 3196 sai

157 3225 290 3270 conaretur
320 3217 421 3284 eripere
456 3225 480 3268 et
511 3216 612 3269 sibimet
647 3233 704 3268 eom
737 3223 830 3268 contro
861 3233 974 3268 conones
1006 3219 1167 3269 contendunt
1197 3235 1275 3268 aaar-

151 3317 231 3367 pare.
272 3284 367 3350 Unde
396 3285 491 3350 etiarn
521 3283 651 3370 quidam
672 3283 800 3348 infamis
822 3303 995 3369 personae,
1024 3285 1078 3370 qui
1099 3285 1220 3366 scribit,
1241 3308 1275 3350 se

157 3388 294 3454 suosque
325 3377 450 3455 partem
483 3370 534 3433 sui
563 3368 713 3454 Gregorii
744 3367 926 3448 defendere,
959 3369 1137 3454 praesumit
1165 3379 1276 3433 contra

157 3463 268 3516 sancta
307 3461 490 3518 sanctorum
526 3453 614 3538 loqui
649 3462 681 3517 et
717 3453 916 3536 magnificari
951 3452 1121 3518 adversum
1157 3473 1275 3517 nomen

157 3534 332 3602 catholicae
361 3537 515 3602 ecclesiae
542 3538 615 3620 Dei,
642 3536 841 3623 praedicans,
862 3557 934 3600 eam
961 3558 1030 3601 esse
1056 3537 1090 3599 in
1111 3545 1203 3622 parte
1226 3539 1276 3602 sui

159 3619 317 3706 Gregorii,
351 3621 438 3707 apud
471 3622 672 3706 supradictos
709 3641 837 3706 quoque
872 3620 1168 3719 pseudoepiscopos
1204 3644 1275 3688 esse

159 3716 269 3770 sancta
284 3706 462 3770 sacerdotia
475 3705 549 3787 Dei,
571 3706 659 3791 ipsos
683 3726 723 3768 ue
738 3726 809 3769 esse
831 3705 1012 3790 sp1rituales
1033 3713 1130 3792 atque
1151 3707 1185 3769 in
1204 3728 1275 3771 cae-

157 3787 290 3854 lestibus
309 3791 491 3854 conversari
510 3797 542 3853 et
560 3811 630 3854 esse
653 3789 734 3853 fi'os
755 3788 829 3870 Dei,
853 3797 995 3854 caeteros
1017 3800 1123 3854 autem
1145 3812 1275 3855 excom-

159 3875 338 3939 municatos
365 3883 397 3940 et
428 3875 586 3939 hereticos
618 3883 713 3958 atque
742 3874 942 3938 scismaticos
971 3896 1059 3956 esse,
1089 3875 1274 3963 quicunque

158 3955 295 4038 subiecti
312 3967 394 4046 sunt
420 3957 474 4024 vel
496 3958 733 4024 communicant
754 3958 784 4022 ei
814 3957 869 4042 qui
895 3979 960 4022 non
982 3969 1030 4023 est
1051 3958 1085 4020 in
1106 3967 1197 4044 parte
1219 3956 1274 4022 ali·

160 4147 183 4202 a)
200 4150 348 4192 destinarunt
363 4152 389 4202 13
404 4151 456 4192 teas
470 4150 550 4192 amend.
566 4146 656 4191 Schera.

161 4319 187 4376 1)
208 4319 310 4372 Galasii
330 4321 408 4388 epist.
428 4336 476 4371 seu
498 4319 727 4372 commonitorium
746 4319 782 4370 ad
800 4318 945 4384 Faustum
963 4319 1052 4370 Mansi
1071 4319 1150 4383 VIII,
1170 4336 1196 4386 p.
1211 4319 1255 4372 18.
