3098 4818
437 337 560 390 BRUNO
580 339 630 389 DE
650 337 770 388 BELLO
791 336 981 390 saxouwo.
1235 337 1269 386 2⁶

152 505 227 570 hinc
247 505 345 570 frater
359 527 451 586 unus,
473 503 561 568 illine
576 514 674 570 staret
688 503 778 568 alius.
821 504 915 568 Multi
929 506 1025 569 etiam
1040 505 1080 568 de
1095 501 1270 568 maioribus
1282 519 1347 562 1⁰⁷⁴·

153 591 208 676 qui
230 587 317 653 bona
345 589 380 651 in
407 589 551 736 utrisppe
577 586 763 687 regionibus
789 586 961 670 habebant,
989 599 1024 651 ut
1044 598 1180 673 utraque
1207 609 1270 651 ser-

150 683 271 752 varent,
295 683 408 757 sponte
423 693 482 736 sua
519 673 547 735 'o
569 671 679 737 rehcto
701 671 767 735 filio
782 671 851 736 sive
872 672 969 736 fratre
983 671 1025 736 ad
1040 694 1148 756 regem
1170 681 1271 735 trans-

152 757 259 835 ibant,
286 755 338 820 vel
363 757 427 840 ipsi
454 757 507 820 hie
535 764 750 836 remanentes,
777 755 890 821 fratres
916 755 967 820 vel
993 756 1074 820 filios
1096 755 1138 820 ad
1161 777 1271 840 regem

151 838 339 919 transibant,
361 838 413 904 vel
435 841 445 904 i
471 841 498 902 si
512 839 564 903 hio
578 849 788 917 remanentes,
810 839 923 904 fratres
944 840 996 904 vel
1008 838 1092 903 filios
1106 839 1147 902 ad
1161 861 1271 924 regem

151 923 418 989 transmittebant.
447 862 628 1010 l³lerosque
643 921 788 986 militaris
804 923 924 988 ordinis
938 923 980 987 ad
995 945 1029 987 se
1044 923 1159 988 eodem
1174 922 1271 986 modo

150 1007 299 1089 vocabat,
322 1016 355 1073 et
376 1017 472 1093 prout
494 1007 648 1094 cuiusque
669 1009 812 1070 animum
836 1007 1062 1092 cognoscebat,
1087 1007 1182 1070 minis
1203 1007 1271 1071 sive

151 1089 420 1176 promissionibus
442 1091 484 1155 ad
505 1089 625 1155 bellum
647 1089 740 1156 civile
762 1089 962 1157 sollicitabat.
1006 1091 1113 1154 Etiam
1134 1088 1271 1154 famulos

151 1174 193 1239 ad
215 1197 249 1239 se
271 1185 403 1239 vocatos
423 1195 489 1238 non
510 1174 700 1259 dedignatur
722 1195 822 1257 orare,
843 1186 880 1240 ut
900 1174 952 1240 vel
973 1174 1193 1239 interficiendo
1218 1173 1272 1238 vel

152 1257 327 1322 deserendo
357 1259 520 1342 dominos,
549 1269 746 1323 mererentur
773 1258 920 1324 libertate
952 1259 1065 1322 donari
1097 1257 1147 1323 vel
1175 1258 1271 1322 etiam

151 1341 274 1405 domini
300 1341 502 1406 dominorum
532 1363 662 1406 suorum
690 1341 769 1406 fieri.
822 1342 886 1408 Sed
908 1341 987 1407 baec
1015 1344 1123 1407 omnia
1145 1341 1272 1406 occulta

151 1435 242 1490 erant
262 1425 384 1508 adhuo;
429 1427 484 1490 uia
505 1427 532 1490 si
554 1427 626 1512 quis
643 1426 672 1489 ei
687 1448 783 1489 suum
797 1426 924 1492 iurabat
938 1426 1143 1508 adiutorium,
1165 1427 1270 1491 iurare

152 1508 328 1594 cogebatur
350 1511 417 1574 eius
441 1532 493 1574 em
513 1508 608 1574 fidele
630 1509 800 1575 silentium.

234 1593 285 1657 38.
330 1593 418 1673 Quid
447 1594 552 1658 dicam
581 1593 668 1679 quod
695 1595 866 1680 episcopis,
898 1615 979 1678 quos
1007 1595 1041 1656 in
1068 1615 1142 1656 suas
1164 1603 1270 1678 partes

150 1677 275 1742 trahere
302 1698 366 1741 non
393 1687 528 1761 poterat,
557 1677 741 1741 huiusmodi
769 1678 853 1742 dona
880 1678 1037 1757 mittebat,
1065 1675 1181 1763 quibus
1208 1677 1270 1742 illis

151 1761 371 1845 episcopatum
395 1762 515 1845 pariter
536 1771 568 1825 et
589 1762 688 1824 vitam
703 1761 867 1843 adimeret,
891 1771 1046 1846 quatenus
1061 1761 1110 1825 his
1125 1762 1270 1844 personis

149 1843 240 1907 daret
261 1845 493 1930 episcopatum,
515 1845 570 1930 qui
592 1865 668 1908 suae
695 1845 850 1908 voluntati
878 1843 1069 1928 praeberent
1093 1845 1134 1908 ad
1163 1847 1271 1909 omnia

151 1948 351 1991 consensum.
400 1929 463 1993 Per
486 1926 645 2013 quendam
672 1927 838 1991 fallacema
865 1928 1057 1992 monachum
1080 1927 1269 1994 Werinhero

149 2009 441 2096 Magedaburgensi
462 2011 705 2098 archiepiscopo
732 2011 897 2098 pulverem
924 2013 1175 2097 pigmentarium
1200 2031 1270 2076 mu-

148 2116 210 2158 nus
225 2116 242 2158 e
266 2096 390 2180 regium
404 2097 500 2177 misit,
516 2117 612 2181 quem
627 2104 739 2159 contra
754 2095 870 2159 multas
881 2095 1098 2181 aegritudines
1109 2094 1270 2160 salubrem

149 2178 211 2243 sibi
232 2117 273 2242 ab
288 2178 383 2244 Italia
404 2201 424 2242 a
438 2189 539 2244 matre
560 2202 619 2244 sua
633 2182 853 2244 transmissum
870 2201 939 2244 esse
960 2179 1135 2245 mandavit.
1169 2179 1269 2245 Onus

148 2273 272 2347 partem
294 2274 421 2329 crustae
442 2267 535 2349 panis
556 2266 709 2328 insertam
731 2263 836 2329 catulo
859 2263 929 2327 dari
949 2265 1150 2350 praecepitl’3
1179 2286 1265 2328 eum-

149 2368 211 2432 que
235 2347 303 2411 sine
325 2369 416 2411 mora
436 2349 518 2410 mori
539 2347 690 2429 vidimus,
713 2358 744 2412 et
766 2349 841 2434 quia
863 2348 1034 2434 episcopus
1056 2347 1152 2414 talem
1169 2347 1268 2414 medi-

148 2431 253 2492 cinam
275 2452 339 2493 non
360 2439 546 2513 gustaverat
566 2431 675 2496 laetati
696 2454 815 2495 sumus.

230 2514 280 2578 39.
326 2513 391 2577 Sed
420 2525 592 2612 postquam
618 2514 698 2580 haec
727 2517 835 2578 omnia
861 2514 965 2578 famae
998 2515 1177 2600 loquacitas
1208 2537 1268 2600 per

149 2594 324 2660 Saxoniam
340 2607 447 2695 coepit
461 2598 656 2682 praedicare,
678 2608 710 2661 et
727 2597 812 2661 mala
826 2598 933 2662 futura
947 2599 1058 2662 eodem
1075 2621 1139 2684 quo
1154 2609 1268 2682 postea

146 2679 320 2744 veniebant
334 2681 444 2746 ord1ne
459 2681 654 2766 praedicere,
669 2681 763 2767 plebs
779 2681 920 2767 quidem,
940 2703 1022 2766 quae
1037 2703 1151 2746 causas
1166 2683 1268 2746 nescit

145 2785 290 2847 pensare,
311 2762 447 2828 laetatur
468 2776 500 2829 et
522 2787 632 2829 omnes
655 2767 711 2850 qui
726 2787 801 2829 suas
822 2775 922 2830 terras
937 2765 1121 2846 invaserint,
1145 2767 1268 2850 impetu

146 2851 251 2932 primo
282 2858 484 2933 prosternere
516 2849 671 2932 minatur3
704 2859 738 2912 at
768 2847 919 2914 nobilitas
951 2850 1076 2934 magnis
1109 2849 1267 2932 angustiis

146 2929 292 3012 afficitur,
315 2931 391 2996 dum
413 2933 512 2998 robur
533 2935 618 3018 regis
640 2931 862 3018 praevalidum
882 2954 1039 3019 suumque
1054 2933 1266 3018 perexiguum

147 3013 256 3078 subtili
277 3016 409 3080 rationis
431 3017 579 3082 examine
601 3018 739 3082 metitur.
782 3015 874 3080 Illinc
896 3039 1034 3102 namque
1056 3028 1208 3082 venturos
1224 3017 1267 3081 ad

145 3119 288 3244 pugnam
316 3101 459 3165 Francos
488 3111 660 3186 utrumque
704 3099 778 3166 litus
805 3100 910 3164 Rheni
938 3110 1097 3184 tenentes,
1132 3103 1265 3183 Suevos,

175 3183 320 3258 awarios,
342 3183 556 3268 Lotharingos
578 3197 610 3248 et
631 3185 782 3248 Boemios
803 3186 976 3270 aspiciunt3
1004 3184 1079 3249 hino
1100 3206 1178 3249 vero
1201 3207 1266 3248 non

144 3266 206 3327 nisi
222 3266 382 3330 Saxoniae
397 3268 455 3331 vix
470 3269 596 3333 tertiam
611 3278 735 3353 partem
750 3269 928 3350 inveniunt,
944 3270 1021 3367 quia
1036 3291 1145 3333 omnes
1159 3268 1265 3333 West

144 3347 201 3411 sali
223 3359 255 3413 et
277 3370 387 3414 omnes
410 3353 495 3414 circa
516 3351 656 3414 Misnam
677 3350 874 3434 habitantes,
902 3375 988 3437 regls
1015 3374 1093 3415 auro
1123 3347 1265 3436 corrupti

145 3453 165 3494 a
185 3431 280 3496 nobis
301 3432 488 3498 defecerunt
497 3446 518 3498 ⁰.
561 3435 639 3520 Ipsa
660 3457 788 3533 quoque
806 3458 881 3520 pars
896 3436 990 3499 tertia
1004 3437 1060 3498 vix
1076 3456 1184 3499 secum
1199 3435 1264 3499 fida

144 3513 309 3598 manebat,
333 3519 409 3666 qgia
431 3517 574 3604 singulos
596 3520 630 3582 in
651 3541 690 3583 ea
711 3521 823 3602 regia(l
844 3520 1003 3604 promissa
1024 3518 1153 3583 assidue
1181 3518 1264 3583 solli-

144 3599 294 3664 citabant.
375 3623 466 3666 mnes
492 3603 589 3666 etiam
615 3603 724 3688 episco
749 3626 760 3664 1
787 3611 914 3688 praeter
940 3612 1090 3688 quatuor,
1112 3602 1264 3688 Magada·

142 3682 354 3768 burgensem,
387 3685 700 3768 Halberstatensem,
726 3625 1045 3772 lllerseburgensem,
1071 3687 1263 3752 Patharbru-

142 3779 303 3849 nensem0,
327 3778 383 3833 aut
404 3779 513 3855 aperte
536 3770 578 3834 ad
599 3793 708 3855 regem
722 3772 924 3852 transierunt,
946 3779 1002 3834 aut
1015 3772 1122 3834 animo
1136 3771 1262 3836 nutanti

142 3850 312 3916 nobiscum
334 3862 499 3935 steterunt,
522 3855 612 3918 utin
634 3875 859 3941 quamcunque
880 3865 1003 3941 partem
1032 3877 1083 3918 res
1109 3876 1262 3941 prospere

144 3935 302 4018 oederent,
324 3935 389 4001 illio
411 3939 516 4002 securi
536 3936 695 4002 declinare
740 3941 903 4004 otuissent.

226 4020 277 4089 40.
328 4021 454 4086 Eodem
481 4034 626 4106 tempore
654 3963 755 4088 mulla
783 4045 841 4108 per
869 4023 1044 4088 Saxoniam
1072 4021 1163 4106 signa
1192 4021 1260 4087 lieri

143 4102 292 4187 vidimus,
316 4128 358 4170 ex
380 4105 498 4192 quibus
518 4104 604 4170 mala
625 4111 726 4190 quae*
747 4117 822 4193 post
842 4117 997 4172 venerunt
1017 4105 1178 4191 praescire
1205 4117 1365 4191 postam·

145 4282 168 4335 a)
185 4285 297 4325 tulsumt
365 4285 389 4338 b)
406 4298 458 4328 anm
475 4289 495 4327 si
510 4290 617 4339 precepit
631 4299 661 4329 ne
677 4299 742 4328 mora
758 4291 780 4328 1.
849 4285 870 4338 c)
888 4288 1022 4329 defecerunt
1037 4289 1059 4330 2.
1120 4285 1143 4338 d)
1160 4287 1225 4337 regis
1238 4288 1259 4328 2.

144 4340 167 4393 s)
183 4343 289 4384 Pathabr.
307 4346 517 4396 13Patherbruun.
535 4348 555 4386 2.
