3116 4822
312 436 363 485 DII
385 435 542 486 UNITATE
564 436 767 489 EOOLESIAE
788 438 1065 491 CONSERVANDA.
1216 443 1249 491 19

128 605 274 690 nihilque
297 627 319 668 a
336 602 529 689 priuileqiis
548 606 743 686 immutetur,
770 607 827 670 sed
849 606 997 672 omnibus
1026 609 1084 692 qui
1107 605 1249 672 ecclesiis

130 691 312 754 deserviunt
338 689 434 752 tuitio
462 689 640 771 deputetur.
683 688 723 753 Si
750 691 824 774 quis
847 699 964 771 autem,
994 690 1108 776 inquit,
1130 694 1167 755 in
1190 692 1248 756 lsoc

129 796 232 859 penus
253 772 424 858 sacrilepii
432 775 637 856 proruperit,
657 777 741 836 utin
757 773 907 839 ecelesias
923 773 1103 838 catholicas
1116 776 1249 840 irruens

129 857 352 921 sacerdotibus
388 866 417 920 et
448 859 610 921 ministris
647 855 696 921 vel
726 859 795 940 ipsi
830 859 942 921 diuino
981 859 1085 922 astitui
1117 857 1248 943 locaque

130 941 260 1026 aliquid
295 943 447 1024 importet
478 942 641 1017 iniuriae,
662 942 704 1004 st
738 963 806 1004 nou
837 943 961 1026 poterit
990 964 1054 1026 per
1115 965 1249 1007 recuru-

128 1035 227 1090 torem
244 1026 443 1109 prouinciae
472 1025 711 1110 comprehendi,
733 1025 857 1111 dipnus
877 1025 1024 1090 videlieet
1048 965 1134 1090 tuiis.
1155 1029 1247 1110 capi-

127 1109 190 1173 tali
222 1109 382 1172 sententia
407 1111 536 1190 puniri,
566 1109 607 1172 sit
636 1110 760 1179 eunetis
788 1131 855 1174 nou
885 1109 987 1173 solum
1014 1109 1162 1189 liberum,
1193 1110 1249 1173 sed

128 1195 228 1256 etiam
250 1191 426 1272 laridabile,
438 1192 571 1277 factum
594 1193 748 1256 atrociter
768 1193 991 1256 sacerdotibus
1014 1202 1072 1256 aut
1085 1195 1249 1257 ministris

128 1277 294 1341 iniurium
316 1275 414 1339 ueluti
430 1275 601 1362 publicum
624 1278 747 1340 crimem
764 1278 930 1361 persequi.
965 1275 1153 1340 Constituit¹
1171 1297 1248 1362 quo·

35 1435 37 1440 ,
128 1382 201 1445 que,
215 1357 349 1424 ecclesia
363 1368 453 1441 teste,
468 1360 559 1425 iuxta
570 1358 710 1424 edictum
724 1362 868 1444 priorum
883 1361 1122 1445 imperatorum,
1139 1381 1249 1424 omnes

127 1464 209 1530 quos
239 1441 426 1508 clementiae
458 1465 535 1508 suae
565 1454 691 1529 regeret
720 1453 1009 1529 temperamentum
1036 1445 1070 1508 in
1098 1442 1154 1508 tali
1178 1443 1249 1508 reli-

127 1528 224 1610 gione
255 1527 386 1609 versari,
423 1548 520 1613 quam
553 1527 663 1592 divum
696 1527 828 1592 Petrum
862 1526 1042 1612 apostolum
1077 1526 1249 1594 tradidisse

127 1611 281 1675 Romanis
309 1611 423 1695 religio
451 1634 553 1697 usque
578 1610 683 1675 adhuc
705 1611 746 1675 ab
768 1611 840 1696 ipso
861 1611 1022 1676 insinuata
1042 1609 1191 1694 declaret,
1213 1619 1250 1678 ut

127 1695 250 1760 scilicet
277 1695 453 1760 secundum
482 1694 693 1781 apostolicam
724 1694 928 1781 disciplinam
962 1694 1247 1781 euangelicamque

127 1777 306 1843 doctrinam
328 1780 433 1844 Patris
462 1788 493 1844 et
514 1778 590 1843 Filii
616 1787 648 1843 et
670 1778 810 1863 Spiritus
837 1780 939 1844 sancti
966 1801 1063 1843 unam
1085 1779 1249 1845 Deitatem

127 1863 189 1928 sub
211 1865 282 1949 pari
304 1865 470 1928 maiestate
493 1872 524 1928 et
545 1861 605 1927 sub
627 1863 682 1948 pia
704 1863 861 1928 Trinitate
884 1862 1064 1944 credamus,
1086 1862 1165 1926 nihil
1186 1864 1248 1927 dis·

128 1968 241 2010 sonum
257 1948 392 2033 profana
410 1947 567 2011 divisione
582 1946 747 2028 facientes,
763 1946 821 2010 sed
835 1947 1001 2010 Trinitatis
1017 1946 1162 2010 ordinem
1177 1969 1247 2045 per·

128 2053 278 2095 sonarum
300 2033 475 2096 assertione
497 2053 536 2095 ac
552 2030 730 2096 divinitatis
744 2032 896 2095 unitatem
913 2029 1073 2096 catholica
1093 2029 1248 2114 relig1one

126 2126 325 2197 venerantes,
354 2113 494 2201 reliquos
521 2123 638 2195 autem,
667 2116 722 2200 qui
751 2113 792 2178 ab
818 2137 928 2180 eorum
952 2136 1032 2201 quos
1055 2135 1247 2179 commemo-

126 2202 208 2264 ratio
242 2201 390 2285 speeialis
423 2200 583 2284 expressit
613 2199 689 2264 fidei
721 2200 945 2263 communione
978 2199 1177 2280 dissentiunt,
1212 2208 1248 2264 ut

126 2283 313 2348 manifestos
339 2284 498 2348 hereticos
526 2283 567 2348 ab
596 2281 737 2347 eeclesiis
766 2282 893 2370 expelli,
920 2305 1026 2368 neque
1048 2282 1096 2346 his
1143 2283 1247 2346 enitus

126 2368 301 2452 posthaec
329 2368 574 2454 optinendarum
605 2365 812 2432 eeclesiarum
835 2367 1087 2453 pontificumque
1117 2305 1247 2431 ldeulta-

125 2461 213 2514 tema
240 2453 389 2537 permitti,
420 2461 456 2516 ut
484 2474 580 2515 verae
609 2473 648 2516 ac
675 2451 818 2516 nitidaeb
845 2449 921 2515 fidei
949 2449 1129 2514 sacerdotia
1158 2449 1247 2514 casta

125 2546 350 2620 permaneant,
382 2559 440 2600 neo
471 2546 546 2619 post
577 2536 762 2615 evidentem,
798 2535 911 2620 inquit,
941 2537 1111 2618 praecepti
1143 2537 1249 2600 nostri

114 2621 268 2703 formam
294 2621 461 2706 muiiqnae
486 2625 574 2684 locus
601 2620 697 2683 detur
728 2621 880 2683 astutiae.
923 2619 966 2682 Et
991 2619 1144 2681 iterum²z
1181 2617 1248 2693 Qut

124 2698 273 2784 diuinae,
305 2705 361 2786 ait,
393 2704 475 2790 lepis
507 2705 704 2768 sanctionem
738 2712 797 2766 aut
828 2703 1001 2767 nesciendo
1036 2702 1247 2786 confundunt

125 2797 186 2851 aut
207 2789 401 2874 neplipendo
421 2787 548 2852 violant
569 2797 598 2852 et
613 2785 791 2871 resplendunt,
812 2785 1024 2868 sacrileqium
1038 2787 1249 2850 committunt.

124 2869 320 2937 Constituit³
343 2872 439 2936 etiam
460 2869 619 2935 Arcadius
641 2891 713 2933 oum
735 2869 832 2934 fratre
854 2890 911 2933 suo
932 2853 1089 2950 Honorio,
1112 2866 1248 2933 ecelesia

123 2965 219 3037 teste,
241 2965 286 3036 ut,
309 2959 339 3020 si
354 2959 427 3041 quis
442 2956 644 3020 sacerdotum
659 2964 774 3019 contra
788 2955 923 3038 quietem
932 2953 1103 3039 publicum
1118 2952 1249 3038 aliquid

122 3040 236 3105 moliri
247 3039 358 3124 fuerit
379 3041 608 3123 deprehensus,
630 3039 808 3102 secuudum
829 3038 930 3124 dapem
944 3039 1059 3102 divaec
1073 3038 1248 3101 memoriae

123 3124 288 3188 Gratiani
302 3126 403 3188 vitam
422 3134 502 3209 aput
520 3133 647 3188 centum
660 3122 792 3187 milibus
814 3122 855 3186 ab
870 3145 979 3187 eorum
994 3121 1133 3185 coetibus
1153 3143 1247 3219 sepa·

121 3217 230 3288 ratus,
257 3231 278 3270 a
306 3231 444 3294 quorum
473 3218 518 3271 est
545 3209 694 3271 societate
723 3208 892 3270 discretus.
935 3205 978 3268 Et
1006 3213 1080 3303 post
1109 3202 1248 3290 plurima

120 3291 361 3356 ecclesiasticae
384 3290 571 3375 disciplinae
593 3299 727 3354 statuta:
748 3291 911 3370 Edictum,
933 3291 1067 3374 inquies,
1098 3289 1186 3373 quod
1208 3289 1247 3353 de

19 3427 28 3446 .
121 3378 250 3441 cessitate
280 3399 343 3461 per
368 3375 553 3460 Africanas
585 3376 734 3460 repiones
768 3373 935 3438 clementia
967 3382 1080 3436 nostra
1115 3373 1246 3454 diremit,

117 3484 185 3546 per
205 3462 338 3525 diuersa
360 3462 457 3524 etiam
478 3458 551 3523 locu
570 3461 717 3543 proponi
738 3457 895 3538 calcemus,
922 3465 958 3520 ut
980 3457 1128 3520 omuibus
1150 3457 1246 3520 inno·

119 3555 231 3623 tescut,
256 3545 322 3607 Dei
348 3545 576 3626 omnipotentis
604 3565 706 3606 uuum
734 3551 762 3603 et
789 3563 900 3605 ueram
918 3539 1020 3621 fldem
1043 3538 1245 3620 catholicum,

120 3652 223 3716 quam
250 3637 339 3693 recta
367 3627 545 3692 credulitas
570 3627 749 3709 confitetur,
774 3647 840 3688 esse
862 3624 1078 3692 retinendam.
1128 3622 1247 3688 Omnes

120 3723 240 3794 autem,
263 3712 400 3798 inquit⁵,
424 3713 578 3776 hereticos
602 3720 697 3794 atque
721 3709 921 3775 scismaticos
943 3718 972 3771 et
994 3717 1114 3772 ceteros
1136 3710 1245 3772 catizo-

120 3797 207 3862 licae
229 3797 382 3862 ecclesiae
405 3797 615 3860 aduersarios
641 3795 856 3858 euterminuri
872 3794 1114 3878 praecipimus,
1133 3792 1245 3876 primo

121 4004 146 4056 a)
162 4005 307 4056 pontificium
323 4006 503 4053 facultatemque
522 4004 568 4044 eod.
587 4003 665 4046 Theoi.
732 4001 756 4052 b)
779 4004 882 4042 NIcenae
902 4003 948 4043 cod.
968 4002 1045 4045 Τλεοᾱ.
1115 4000 1136 4052 c)
1153 4002 1245 4041 divinae

123 4075 147 4103 ιιι
173 4068 262 4113 gratam
280 4067 306 4115 13
322 4064 439 4104 emendavit
456 4063 581 4102 Gotdustus.

125 4243 154 4306 1)
180 4243 249 4294 cod.
268 4243 372 4294 Theod.
393 4243 440 4293 lib.
461 4243 534 4302 XVI,
559 4242 600 4292 tit.
613 4241 636 4300 Ι,
663 4239 721 4290 Is.
749 4243 776 4288 et
797 4239 823 4289 3.
904 4237 933 4302 2)
962 4235 1068 4287 Ibidem
1098 4235 1146 4286 lib.
1170 4236 1243 4302 XVI,

122 4318 164 4366 tit.
178 4317 216 4381 II,
236 4317 309 4367 Lau.
367 4313 396 4379 3)
416 4314 521 4365 Ibidem
541 4314 615 4366 l.35.
673 4313 701 4375 4)
722 4310 828 4362 Ibidem
847 4313 887 4363 tit.
902 4312 951 4372 XI,
971 4310 989 4360 l.
1003 4310 1028 4360 2.
1087 4307 1116 4374 5)
1137 4309 1245 4360 Ibidem

122 4391 166 4440 tit.
177 4391 210 4450 V,
230 4390 292 4442 1.6.
313 4391 355 4440 62.
377 4389 420 4440 64,
974 4464 1013 4512 2*
