3114 4814
296 384 346 434 DE
366 383 527 434 UNITATE
549 383 755 437 nccnnslnn
776 385 1053 438 CONSERVANDA.
1184 386 1234 436 141

109 553 299 634 docuerunt,
322 551 462 637 ideoque
485 552 582 616 etiam
603 552 796 618 acatholica
811 551 948 618 ecclesia
962 563 1235 638 apostataverunt,

110 640 168 726 qui
196 640 230 701 in
260 635 412 700 cathedra
439 635 640 720 pestilentiae
671 636 830 720 sederunt,
859 647 892 702 et
913 659 1011 722 supra
1032 637 1233 702 altitudinem

109 722 249 787 nubium
279 719 388 785 sedem
416 743 508 784 suam
540 732 736 806 posuerunt3
766 719 860 807 quale
891 721 1015 786 scilieet
1043 723 1233 807 mysterium

110 806 289 892 iniqnitatis
312 804 536 891 praetendunt,
558 805 592 868 in
613 815 704 870 veste
732 827 790 870 sua
816 814 941 871 utentes
964 807 1082 890 capitio
1104 807 1232 871 tunicae

110 913 170 977 pro
186 889 321 972 cuculla,
344 910 427 974 quae
442 889 560 954 dicitur
577 891 682 953 minor
698 888 777 955 cella
799 899 830 953 et
844 889 942 955 habet
964 891 1105 974 speeiem
1122 891 1234 974 erucis,

111 976 196 1039 sicut
226 973 350 1038 dictum
383 983 435 1037 est
464 994 572 1059 supra.
615 972 711 1038 Unde
744 983 777 1038 et
804 973 919 1038 beatus
952 974 1022 1056 Iob,
1054 976 1110 1060 qui
1139 976 1234 1039 inter-

79 1113 81 1123 .
111 1067 258 1146 pretatur
291 1056 402 1122 dolens
435 1067 467 1122 et
493 1067 580 1122 tenet
611 1067 725 1143 typum
758 1057 809 1122 vel
837 1057 959 1122 Christi
990 1056 1041 1122 vel
1068 1058 1234 1140 ecclesiae,

16 1140 18 1190 ³
110 1143 329 1229 conqueritur,
352 1163 386 1205 se
408 1141 602 1206 circumdari
628 1141 834 1206 multitudine
865 1142 1088 1224 hereticorum,
1123 1141 1234 1228 quales

110 1237 186 1292 sunt
215 1227 423 1291 fabricatores
453 1225 613 1290 mendacii
640 1235 671 1290 et
694 1226 831 1291 cultores
854 1247 1079 1312 perversorum
1102 1227 1234 1312 dogma-

109 1321 196 1375 tum:
219 1312 260 1374 In
282 1309 497 1392 multitudine,
520 1311 633 1396 inquit,
656 1333 767 1376 eorum
789 1313 992 1376 consumitur
1013 1313 1384 1386 vestimentomrouaqra.

109 1418 226 1476 meam,
249 1404 278 1459 et
298 1396 397 1494 quasi
420 1397 544 1479 capitio
566 1397 700 1460 tunicae
722 1397 769 1459 sie
792 1397 969 1460 cinxerunt
989 1417 1047 1459 me.
1090 1395 1234 1460 Tunicae

108 1500 187 1544 vero
208 1479 364 1564 capitium
387 1477 566 1542 circumdat
586 1477 749 1543 induentis
771 1477 901 1560 collum,
926 1477 1044 1542 collum
1071 1489 1177 1544 autem
1207 1480 1236 1543 si

14 1637 15 1646 ¹
110 1564 288 1647 stringitur,
311 1563 400 1626 vocis
421 1585 499 1626 usus
522 1572 555 1626 et
577 1561 681 1626 vitalis
703 1561 798 1628 flatus
827 1572 970 1628 necatur.
1008 1562 1135 1648 Corpus
1157 1585 1234 1647 ergo

14 1655 15 1658 ’
110 1646 265 1713 ecclesiae
288 1649 381 1733 quasi
402 1647 522 1732 capitio
543 1648 673 1711 tunicae
696 1649 837 1732 cingunt,
866 1647 921 1734 qui
949 1648 1130 1712 constrictis
1161 1647 1234 1711 dcc-

109 1732 212 1796 trinae
234 1731 381 1795 salutaris
403 1729 679 1816 praedicatoribus
701 1730 788 1796 velut
816 1733 886 1796 eius
913 1729 1031 1794 collum
1052 1741 1234 1818 prementes

110 1818 145 1882 in
174 1838 214 1880 ea
241 1815 391 1880 claudere
419 1817 481 1879 iter
506 1816 595 1879 vocis
617 1813 742 1897 volunt;
770 1813 863 1900 quale
894 1813 1016 1880 scilicet
1045 1817 1233 1900 mysterium

109 1901 289 1986 iniquitatis
318 1899 533 1984 praetendunt
565 1896 674 1984 plures
703 1899 852 1964 monachi
882 1899 916 1962 in
941 1908 1031 1964 veste
1061 1913 1149 1980 sua1,
1177 1923 1235 1984 per

109 2006 192 2071 quos
214 1984 296 2048 fiunt
323 1993 355 2047 et
382 1983 469 2048 facta
491 1991 566 2048 sunt
587 1983 741 2048 scismata
762 1991 858 2070 atque
879 1981 1008 2048 hereses
1030 1984 1064 2046 in
1086 1983 1233 2065 ecclesia,

132 2069 167 2132 ui
189 2069 286 2132 etiam
308 2090 328 2132 a
349 2077 451 2133 matre
472 2066 555 2131 filios
577 2078 759 2152 segregant,
782 2089 859 2132 oves
874 2088 894 2130 a
909 2077 1038 2152 pastore
1052 2065 1234 2149 sollicitant,

145 2153 175 2218 ei
203 2161 406 2216 sacramenta
435 2151 627 2233 disturbant,
654 2152 710 2238 qui
738 2153 845 2234 etiarn,
867 2151 931 2215 Dei
958 2151 1131 2216 traditione
1159 2173 1234 2216 con-

109 2246 242 2322 tempta,
270 2235 391 2302 alienas
421 2235 585 2300 doctrinas
614 2245 773 2321 appetunt
794 2247 826 2300 et
855 2237 1042 2320 magisteria
1073 2235 1234 2301 humanae

108 2321 320 2385 institutionis
342 2319 514 2402 inducunt;
544 2319 670 2406 qualern
699 2319 821 2384 scilicet
842 2321 1109 2386 consuetudinem
1132 2319 1235 2386 solent

107 2405 283 2470 defendere
312 2425 351 2468 ac
373 2403 525 2469 roborare
553 2405 736 2488 persancti
758 2405 857 2490 patris
882 2405 1069 2470 Benedicti²
1092 2405 1234 2470 testimo·

108 2493 209 2570 nium,
233 2511 297 2575 quo
319 2488 409 2570 dicit,
429 2487 637 2588 peregrinum
660 2509 821 2574 quemque
844 2489 1039 2553 monachum
1061 2500 1232 2554 consuetu-

108 2573 185 2640 dine
211 2571 287 2652 loci,
317 2593 414 2660 quam
436 2573 605 2652 rnvenerit,
628 2571 816 2656 simpliciter
836 2572 904 2636 fore
927 2581 1122 2637 contentum.
1167 2573 1234 2639 Sed

108 2679 240 2724 necesse
263 2667 311 2722 est
333 2657 498 2742 exipsius
520 2657 621 2742 patris
643 2656 801 2720 sententia
822 2655 1014 2734 discernere,
1037 2656 1123 2742 quod
1144 2657 1234 2722 volu-

109 2744 170 2808 erit
199 2742 405 2827 peregrinum
431 2740 572 2827 aliquem
600 2739 803 2822 monachum,
829 2750 939 2825 utpote
962 2739 1067 2804 adhuc
1088 2742 1233 2825 incogni-

107 2836 177 2891 tum
199 2836 231 2891 et
251 2825 333 2891 forte
354 2824 468 2891 rudem
489 2835 586 2910 atque
608 2822 891 2909 indisciplinatum,
913 2834 1022 2888 tenere
1044 2827 1078 2887 in
1100 2846 1232 2889 consue-

108 2911 230 2976 tudinis
244 2911 475 2996 propositione,
497 2931 571 2973 oum
587 2907 674 2972 idem
689 2917 780 2994 pater
795 2907 941 3007 adprime
962 2908 1106 2973 eruditus
1123 2908 1233 2974 divina

108 2994 181 3080 lege
211 3005 243 3060 et
271 2996 348 3059 satis
376 2996 570 3060 exercitatus
599 2991 706 3056 studio
736 2991 866 3057 moralis
899 2993 1051 3058 scientiae
1083 2993 1233 3059 videatur

108 3079 290 3143 consentire
312 3101 386 3142 eum
409 3079 525 3144 ceteris
547 3076 734 3142 doctoribus
744 3087 766 3158 ³,
790 3077 846 3164 qui
868 3077 990 3158 dicunt,
1012 3099 1135 3142 morem
1162 3101 1232 3144 esse

108 3182 303 3227 consensum
325 3165 467 3227 omnium
490 3161 586 3227 simul
608 3161 831 3244 habitantium,
859 3163 915 3248 qui
940 3163 1136 3227 inveteratus
1159 3185 1232 3227 eon-

108 3245 313 3310 suetudinem
341 3245 429 3327 facit,
457 3249 541 3312 sicut
569 3256 618 3310 est
643 3267 814 3331 assurgere
841 3247 1017 3310 maioribus
1046 3255 1079 3310 et
1107 3245 1230 3312 vultum

107 3338 205 3416 atque
226 3329 388 3392 incessum
411 3340 443 3394 et
464 3351 644 3396 sermonem
666 3341 763 3416 atque
778 3329 923 3393 habitum
944 3333 990 3393 ita
1011 3330 1171 3394 moderari
1193 3353 1232 3396 ac

108 3435 231 3498 gerere,
253 3420 289 3474 ut
303 3412 453 3477 honestas
467 3425 601 3480 naturae
615 3414 834 3501 perpendatur
855 3437 897 3478 ex
919 3435 1044 3478 morum
1059 3414 1230 3499 probitate.

1246 630 1275 671 ct.
1282 631 1320 671 Ps.
1331 633 1352 682 1,
1362 633 1389 680 13

1251 691 1290 730 Es.
1302 691 1336 742 u,
1346 691 1381 731 14.

108 3497 194 3563 Nam
210 3497 280 3596 ipse
295 3505 388 3582 pater
403 3497 618 3562 Benedictus⁴
633 3507 777 3580 testatur,
800 3521 834 3562 se
851 3495 996 3582 regulam
1012 3497 1230 3583 descripsisse,

107 3604 139 3646 ut
152 3597 231 3660 bace,
248 3581 362 3666 lnquit,
382 3597 559 3659 observantes,
575 3597 604 3646 in
616 3597 784 3650 monasteriis
797 3597 903 3648 discant
915 3596 1085 3662 aliquatenus
1098 3597 1139 3647 vel
1151 3595 1230 3648 boae·

109 3678 204 3720 statem
221 3687 324 3722 moram
343 3676 390 3720 out
408 3669 515 3720 initium
534 3669 740 3722 conversationis
759 3678 861 3732 tenerer
888 3678 999 3722 ceterum
1013 3686 1093 3735 posse
1112 3687 1165 3735 eos,
1184 3669 1231 3736 qai

108 3743 147 3794 ad
161 3744 351 3808 perfectionem
366 3741 571 3794 conuersationis
585 3743 728 3806 festinant,
744 3761 796 3809 per
808 3744 944 3796 doctrinas
959 3752 1111 3794 sanctorum
1122 3752 1231 3809 potrum

108 3823 134 3866 et
154 3833 207 3881 per
231 3815 355 3868 instituto
378 3833 468 3868 eorum
495 3815 532 3866 cd
557 3815 736 3868 celsitudinem
751 3817 924 3884 perfectiouis
951 3815 1048 3882 uenire,
1069 3832 1230 3868 cumiciaco

111 3929 140 3999 1)
161 3933 202 3984 cf.
223 3934 313 3986 Oarm.
333 3933 462 3988 Lauresb.
483 3931 545 3997 (SS.
565 3933 639 3998 XXI,
658 3948 685 3997 p.
705 3934 788 3997 430):

329 4007 369 4057 Hi
383 4024 435 4072 per
453 4011 577 4056 tonsuras
596 4006 713 4072 prandes
729 4007 898 4072 grandesque
917 4007 1032 4058 corollas

329 4079 436 4132 Audeat
454 4077 560 4130 mentiri
579 4077 690 4140 Christo,
706 4079 790 4143 plane
809 4079 961 4131 Pharnacea

108 4152 137 4213 2)
163 4153 266 4204 Bensd.
291 4155 360 4218 Reg.
388 4171 411 4204 c.
432 4154 476 4204 61.
558 4153 586 4216 3)
607 4151 647 4202 (ΙΙ.
674 4152 833 4216 Hieronymi
858 4154 948 4219 Opera
963 4153 994 4215 Ἰ,
1019 4169 1045 4218 p.
1074 4151 1135 4201 120.
1163 4149 1230 4214 2683

106 4226 203 4276 Basilii
217 4227 306 4292 Opera
319 4228 358 4292 ΙΙ,
378 4226 444 4290 5⁷63
466 4227 608 4279 Soaomeni
622 4225 693 4276 Hist.
708 4225 776 4276 eccl.
796 4225 819 4289 I,
838 4226 885 4290 123
907 4226 1052 4276 cassianus
1068 4226 1101 4275 de
1115 4226 1176 4276 inst.
1190 4223 1229 4286 11,

106 4299 150 4349 16.
170 4299 218 4363 1v‚
234 4301 277 4352 16.
352 4302 380 4363 4)
400 4300 470 4353 Ibid.
486 4315 510 4350 e.
526 4301 576 4364 ta;
597 4299 631 4348 cf.
645 4297 831 4350 Helmsdbrfer
844 4299 862 4352 1.
878 4316 900 4352 c.
915 4317 940 4366 p.
955 4299 999 4362 85,
1020 4315 1046 4350 n.
1067 4298 1099 4362 3;
1119 4299 1230 4364 Bergan

101 4373 166 4423 ‘Zur
185 4373 275 4423 Kritik
295 4374 343 4424 der
362 4373 540 4426 Streitschrift
560 4373 593 4424 de
613 4373 680 4423 unit.
702 4371 769 4424 eccl.
790 4373 883 4435 cons.’‚
902 4391 929 4440 p.
949 4374 994 4425 31.
