3114 4814
323 381 374 431 DE
393 379 553 431 UNITATE
571 378 779 431 EOCLESIAE
800 379 1078 433 CONSERVANDA.
1227 380 1263 431 83

136 557 283 622 imperator
302 553 451 616 obscedere,
470 559 544 606 tanto
562 553 647 622 napis
666 570 684 604 a
702 552 777 604 notis
796 570 850 605 non
865 559 952 619 potest
969 569 1026 605 esce
1044 555 1197 620 damnatus,
1216 556 1264 609 sect

134 637 229 704 potius
254 636 292 687 od
313 635 432 704 qratiam
450 653 577 704 syncerae
601 635 791 689 communionis
814 636 956 688 admissus.
995 621 1040 686 Et
1059 622 1145 687 idem
1170 623 1263 688 Gela-

140 707 227 769 sius¹
250 702 431 786 ostendens,
452 727 519 769 non
539 703 637 770 licere
659 725 731 767 cum
752 703 885 790 perfidis
906 703 959 770 vel
980 726 1053 770 cum
1076 707 1171 772 sociis
1192 730 1264 795 per·

139 787 279 853 fidorum
307 786 426 854 habere
452 799 656 871 conventum,
683 789 775 852 iuxta
802 787 890 876 quod
920 790 1041 854 dicitur
1066 792 1100 855 in
1121 790 1385 878 psalmo:p„25‚4,

139 873 219 936 Non
249 873 320 938 sedi
347 875 385 938 in
414 873 552 938 concilio
580 875 741 938 vanitatis
771 883 801 936 ct
827 897 900 938 cum
928 875 1048 960 iniqua
1077 877 1264 962 perentibus

138 979 208 1022 mom
222 957 382 1022 introibo:
405 971 462 1024 Nec
474 971 650 1036 ecclesiastici,
667 955 783 1041 inquii,
799 971 880 1023 moris
893 981 930 1023 est
949 991 1009 1025 cum
1021 974 1062 1026 iis
1075 975 1123 1040 qui
1131 975 1265 1042 pollutam

138 1055 238 1108 habent
253 1055 457 1108 communionem
468 1054 680 1121 permistamque
700 1071 759 1106 cum
769 1054 882 1121 perfidis
896 1055 1004 1108 miscere
1019 1057 1166 1124 concilium,
1186 1065 1265 1129 quo·

137 1124 227 1187 niam
257 1123 313 1208 qui
334 1123 512 1188 voluntarie
539 1130 703 1186 sectantur
729 1123 879 1208 contagia
902 1123 1101 1208 perfidorum
1126 1141 1264 1208 asparem

139 1229 204 1272 sunt
224 1229 290 1272 certe
309 1221 343 1272 ab
363 1222 510 1289 apostolica
528 1223 604 1284 seote;
623 1205 770 1292 ideoque,
786 1206 840 1290 ait,
863 1239 923 1274 cum
941 1221 1038 1274 tatibus
1055 1231 1079 1275 et
1095 1224 1170 1291 apud
1189 1225 1263 1287 tates,

141 1295 222 1347 etiam
239 1295 264 1345 si
282 1303 347 1346 esset
364 1313 467 1348 necesse
485 1293 532 1358 cri,
552 1297 632 1347 nulla
645 1300 766 1362 posseta
786 1295 906 1364 synodus
921 1296 1076 1361 provenire.

224 1362 276 1426 23.
320 1361 409 1448 Ergo
442 1363 521 1427 Pius
553 1373 650 1449 atque
683 1362 851 1445 Urbanus,
882 1363 1003 1427 Lucius
1035 1365 1133 1428 etiam
1165 1372 1263 1450 atque

139 1444 355 1531 Symmachus
386 1455 418 1511 et
451 1445 628 1531 Gregorius
657 1447 796 1512 Romani
827 1446 998 1532 pontifices
1031 1447 1265 1514 constituerunt

138 1529 200 1594 sub
234 1529 445 1595 anathematis
477 1532 731 1616 interpositione,
762 1543 799 1596 ut
831 1531 964 1618 praedia
996 1529 1115 1596 divinis
1151 1532 1264 1597 usibus

137 1614 257 1680 tradita
278 1623 310 1678 et
324 1614 515 1680 caelestibus
530 1617 661 1680 secretis
677 1616 786 1680 dicata
800 1637 894 1680 nemo
909 1626 1095 1700 praesumat
1115 1616 1264 1687 humanis

137 1697 253 1762 usibus
282 1697 457 1798 applicare,
486 1701 562 1786 quia
589 1703 656 1766 sive
685 1699 841 1764 alienator
869 1701 937 1764 sive
958 1699 1107 1766 venditor
1128 1699 1264 1764 alicuius

139 1781 350 1848 eoclesiasnci
365 1783 501 1868 praedii,
517 1785 628 1869 magni
642 1783 694 1848 vel
709 1785 832 1868 exigui,
856 1804 930 1847 cum
945 1785 1122 1870 accipiente
1142 1786 1264 1870 pariter

137 1866 324 1932 iudicantur
337 1889 408 1932 esse
430 1867 588 1953 sacrilegi.
620 1867 762 1932 Etcum
784 1867 860 1932 ituri
882 1867 946 1932 sint
968 1878 1055 1934 certe
1076 1870 1169 1932 iuxta
1185 1851 1394 1962 divi-‘iffih

139 1973 214 2016 nam
247 1953 437 2016 sententiam
470 1953 503 2016 in
532 1951 728 2038 supplicium
758 1961 934 2032 aeternum,
962 1953 1019 2038 qui
1050 1973 1092 2016 ex
1124 1952 1265 2038 propriis

138 2034 345 2100 facultatibus
361 2059 424 2100 non
441 2034 609 2102 sublevant
620 2037 826 2101 necessitates
837 2057 1028 2122 pauperum,
1040 2035 1117 2122 quid
1130 2033 1264 2120 dignum

139 2121 302 2184 aestimari
324 2121 442 2206 poterit
462 2121 583 2184 iudicio
605 2142 644 2184 ae
665 2119 871 2184 damnatione
893 2141 1015 2199 eorum,
1038 2120 1094 2206 qui
1109 2119 1170 2183 diri
1195 2123 1266 2184 iunt

139 2201 254 2284 aliena,
275 2207 450 2290 praecipue
469 2215 578 2270 autem
600 2225 683 2292 quae
711 2214 787 2270 sunt
807 2203 873 2268 Dei
901 2202 1133 2268 ecclesiarum?
1171 2142 1265 2270 ilcoe

138 2289 173 2352 in
204 2287 390 2374 supradicto
419 2298 578 2353 conventu
609 2289 752 2371 aderant,
783 2290 839 2374 qui
860 2287 1033 2352 multarum
1056 2287 1265 2354 ecelesiarum

139 2373 359 2520 possessiones
381 2382 414 2438 et
434 2373 567 2458 praedia
587 2373 770 2438 invaserant
791 2373 912 2458 pariter
933 2382 965 2438 et
985 2372 1205 2458 possederant,
1232 2382 1265 2438 et

164 2477 203 2519 oc
229 2458 275 2520 ita
303 2457 373 2520 fieri
402 2457 585 2522 sacerdotes
615 2457 776 2522 Saxoniae
806 2466 1043 2522 consenserant.
1087 2457 1152 2538 Qui
1178 2457 1264 2522 enim

139 2541 190 2624 ¹his
212 2562 295 2626 quae
317 2549 392 2606 sunt
412 2540 596 2606 huiusmodi
619 2562 683 2604 non
704 2541 821 2605 restitit
834 2541 1042 2690 suggestione
1064 2562 1129 2626 qua
1149 2541 1264 2628 potuit,

141 2626 311 2706 consensit,
339 2647 413 2690 cum
443 2647 486 2689 ex
514 2626 705 2690 auctoritate
733 2625 844 2689 divina

140 2707 245 2772 solum
275 2709 332 2795 qui
359 2708 483 2774 faciunt
511 2731 613 2796 prava
638 2730 712 2773 reos
740 2731 822 2790 esse,
849 2707 907 2773 sed
929 2709 1038 2794 etqui
1061 2710 1266 2774 consentiunt

140 2791 343 2858 facientibus.
386 2794 531 2858 Primum
554 2793 684 2880 quidem
705 2791 813 2856 locum
834 2793 937 2858 tenuit
958 2794 991 2856 in
1012 2790 1067 2856 illa
1088 2791 1265 2877 malignan-

140 2878 222 2942 tium
238 2876 373 2942 ecclesia
387 2878 592 2964 supradictus
610 2877 688 2943 Otto
702 2875 886 2942 Hostiensis
901 2878 1084 2962 episcopus,
1130 2877 1163 2940 ui
1178 2899 1265 2942 nunc

140 2981 161 3023 a
189 2960 373 3026 saxonibus
402 2983 576 3048 eorumque
607 2961 808 3026 consortibus
841 2961 959 3026 dicitur
984 2983 1072 3046 paa
1133 2961 1264 3045 rbanus,

141 3067 239 3130 super
253 3044 396 3132 qualium
415 3055 501 3110 certe
522 3046 647 3111 ambitu
669 3056 700 3110 et
721 3048 924 3132 promotione
946 3061 984 3110 'su
1008 2983 1107 3145 piicat
1128 3047 1265 3194 impera-

140 3130 204 3194 tori
226 3127 397 3194 Gelasium
419 3151 514 3216 papa,
541 3133 640 3196 immo
662 3151 721 3217 per
744 3129 909 3196 Gelasium
932 3151 969 3193 ea
1007 3129 1088 3193 ohea
1110 3152 1166 3194 eoo
1179 3131 1263 3195 esia:

141 3217 284 3284 Desinant,
308 3236 416 3287 quaeso,
444 3226 469 3272 tc
494 3217 654 3288 temporibus
684 3219 737 3272 tuis
760 3220 872 3287 quidam
890 3237 943 3287 per
970 3219 1131 3272 occasionem
1154 3228 1264 3287 pertur-

142 3291 256 3344 bationis
275 3293 467 3346 ccclmiasticoe
484 3294 693 3361 praecipitanter
712 3294 811 3370 ambire
830 3311 899 3360 quae
924 3311 979 3344 non
998 3294 1084 3354 licent,
1109 3310 1142 3344 ne
1167 3301 1192 3344 st
1214 3293 1264 3345 iila

142 3383 210 3432 quac
236 3367 306 3418 maie
331 3375 460 3433 oppetunt
486 3369 640 3420 nullatenus
666 3368 870 3433 apprehendant
898 3375 922 3418 et
950 3367 1057 3418 modum
1082 3381 1161 3416 suum
1189 3367 1266 3432 apua

140 3447 230 3500 Deum
254 3446 421 3516 hominesque
445 3466 500 3501 non
523 3457 637 3502 teneant.
678 3435 786 3522 Atque
814 3435 950 3499 iterum⁴
979 3455 1077 3520 super
1105 3434 1264 3498 eiusmodi

141 3514 307 3600 alloquens
331 3517 432 3582 'etiam
457 3527 605 3582 senatum
629 3518 829 3583 Romanum:
851 3531 895 3585 Aa
913 3541 1044 3597 eunoun,
1068 3517 1182 3604 inquit,
1202 3549 1264 3598 per-

142 3606 206 3658 tinet
238 3605 398 3671 Romanum,
430 3612 460 3658 ut
489 3625 588 3660 memor
610 3607 686 3674 fidei,
718 3626 799 3675 quam
831 3625 848 3658 a
875 3605 1034 3673 parentibus
1062 3605 1208 3672 suscepisse
1236 3623 1263 3658 se

141 3677 269 3743 meminit,
297 3681 421 3748 cantapia
443 3681 506 3732 uitet
530 3681 719 3733 communionis
745 3689 877 3742 summm,
902 3697 936 3732 ne
958 3697 976 3730 o
995 3681 1174 3732 communione
1192 3679 1265 3732 sectis

143 3761 312 3828 apostoticae,
338 3763 410 3829 quod
435 3762 513 3828 absit,
538 3763 671 3814 reddatur
698 3771 829 3816 externus.
875 3747 959 3814 (ium
994 3748 1080 3812 enim
1114 3748 1147 3810 in
1180 3744 1264 3810 ordi-

142 3831 270 3894 natione
299 3831 494 3894 successoris
522 3831 572 3894 sui
600 3828 776 3896 Clementis
805 3830 892 3897 dicat
918 3833 1033 3898 Petrus
1061 3829 1263 3918 apostolum:

144 3919 219 3972 Haec
243 3935 317 3971 meae
331 3919 544 3985 praedicationis
568 3926 592 3972 et
615 3920 752 3973 doctrinae
774 3921 903 3974 cathedra
921 3939 989 3986 cum,
1008 3921 1056 3988 qui
1073 3922 1145 3988 serpit
1164 3938 1222 3974 saon
1239 3926 1266 3974 et

143 4109 166 4164 ι)
182 4112 277 4153 omnino
293 4113 345 4154 add.
361 4111 407 4154 Get.

74 4249 77 4258 '
145 4269 271 4338 armi
290 4271 313 4338 1,
333 4271 435 4338 p.418.
512 4271 542 4340 a)
561 4271 632 4327 nn.
651 4290 677 4340 p.
698 4273 761 4324 ns.
832 4274 859 4338 e)
878 4273 949 4324 rin.
970 4291 996 4341 p.
1010 4274 1073 4326 sss.
1140 4272 1170 4342 4)
1191 4273 1264 4326 nro.

30 4389 32 4409 ,
142 4364 169 4414 p.
184 4347 246 4396 342.
321 4343 351 4410 ὅ)
370 4345 457 4414 Epist.
478 4345 624 4399 Clementis
643 4347 678 4398 ed
698 4347 825 4398 Iacobum
846 4363 889 4415 ep.
909 4348 1069 4400 Hinschium
1087 4347 1106 4400 l.
1127 4365 1152 4400 c.
1172 4365 1198 4416 p.
1218 4349 1265 4400 31.

990 4429 1030 4478 6*

895 2627 961 2690 icat
991 2623 1167 2710 apostolus,
1199 2647 1265 2689 non
1274 2651 1340 2692 som.
1349 2652 1369 2704 1,
1378 2650 1418 2693 ss.

1525 829 1532 884 t
