3114 4814
309 344 344 394 ΒΞ
492 343 543 394 ΒΕ
566 341 726 395 ΠΝΙΤΔΤΕ
745 339 949 393 accusans
969 339 1245 393 CONSERVANDA.

232 535 300 579 ross.
309 531 375 575 non
407 508 525 575 habeat
556 510 753 594 coniugium,
786 508 843 573 sed
874 530 917 574 ex
952 508 1231 593 consanguinitate
1263 509 1437 592 sociatum,

310 593 429 676 iudico,
457 594 642 658 intersum
669 603 701 658 et
733 615 868 658 uxorem
895 594 965 657 eius
991 592 1062 657 fieri
1088 591 1280 657 divortium'.
1325 592 1437 657 Huius

309 678 422 743 iudicii
444 679 635 742 sententiam
657 699 730 742 eum
748 699 814 742 non
828 677 1062 763 approbassent
1082 675 1262 742 assidentes
1276 677 1386 761 episco
1411 677 1436 759 i,

310 762 465 844 dieentes,
486 763 632 847 agendas
654 761 748 825 huius
777 762 824 827 rei
850 772 979 848 tempus
1000 771 1078 826 tunc
1099 783 1165 826 non
1186 783 1266 842 esse,
1289 699 1436 825 secundo

310 846 427 928 intulit,
450 869 484 911 se
501 846 645 911 iudicare
660 847 781 912 bonum
803 856 835 910 et
854 847 973 910 iustum
990 867 1070 926 esse,
1091 855 1128 911 ut
1147 867 1200 910 res
1215 843 1435 929 ecclesiarum,

311 952 393 1030 quas
416 930 562 996 Saxones
581 929 861 1077 atpiue··Thuringi
882 937 1099 1015 usurpassent,
1119 931 1330 1030 innproprios
1354 949 1437 1029 usus

310 1025 622 1101 restrtuerenturspo
647 1024 708 1079 atrs
720 1013 864 1079 ecclesus
875 1026 972 1100 atque
991 1025 1205 1096 monasterus,
1225 1015 1343 1100 quibus
1357 1013 1436 1078 fuls

312 1108 385 1164 sent
399 1098 524 1164 oblatae
538 1121 577 1163 ac
592 1099 664 1163 Deo
682 1107 898 1168 consecratae.
930 1097 1023 1162 Haec
1038 1119 1168 1196 quoque
1184 1100 1343 1164 sententia
1360 1119 1436 1162 cum

311 1205 376 1249 non
398 1183 573 1269 placuisset
593 1183 783 1268 episcopis1,
805 1192 916 1267 utpote
938 1180 1125 1247 timentrbus
1155 1181 1317 1247 offendere
1342 1204 1436 1268 prse-

313 1267 449 1332 sentiam
476 1268 658 1346 noxiorum,
690 1269 746 1352 qui
773 1267 894 1352 pariter
922 1276 1138 1331 convenerant
1165 1266 1207 1332 ad
1235 1265 1436 1331 roborandas

312 1359 419 1437 partes
447 1351 676 1415 coniurationis
703 1371 790 1432 suae,
819 1360 896 1414 tunc
923 1350 1083 1436 rogabant
1113 1352 1187 1437 ipsi,
1218 1351 1377 1449 rogabant
1403 1358 1436 1414 et

312 1435 368 1500 alii
381 1435 544 1534 principes
559 1433 731 1515 saxoniae,
754 1443 798 1515 ut,
821 1433 870 1498 his
885 1443 983 1520 atque
1001 1433 1185 1500 huiusmodi
1203 1435 1339 1516 om1ssis,
1362 1455 1437 1497 con-

313 1528 445 1583 sentiret
472 1539 546 1596 cum
574 1518 620 1582 eis
647 1517 688 1582 ad
718 1539 756 1582 ea
784 1539 865 1603 quae
894 1519 1075 1604 coepissent
1102 1541 1215 1604 agere3
1243 1541 1277 1584 se
1304 1517 1437 1604 quidem

314 1603 511 1676 convenisse,
533 1611 570 1665 ut
587 1611 769 1682 tractarent,
796 1601 958 1687 quomodo
981 1602 1153 1668 defendere
1174 1610 1306 1689 possent
1327 1610 1437 1688 partes

312 1707 353 1750 ao
374 1686 481 1752 studia
501 1686 552 1750 sui
575 1684 725 1770 Gregorii
745 1707 850 1772 papae
872 1687 940 1752 eius
965 1709 1006 1750 ue
1027 1685 1197 1752 anathema
1219 1690 1305 1752 circa
1325 1708 1438 1771 regem

314 1769 515 1836 Henrichum
537 1791 691 1836 renovare
713 1792 751 1836 nc
773 1769 893 1856 populo
914 1709 1089 1853 indicares,
1109 1770 1196 1857 quod
1218 1771 1438 1836 excommuni-

315 1863 406 1920 catus
428 1855 470 1920 sit
492 1855 595 1918 omnis
617 1862 649 1918 et
670 1852 777 1918 salvus
797 1877 868 1920 esse
889 1877 955 1922 non
976 1855 1087 1941 possit,
1132 1856 1258 1942 uisquis
1272 1853 1438 1920 Henricho

314 1962 349 2004 re
374 1939 385 2002 i
405 1939 439 2002 in
460 1937 569 2024 aliquo
591 1939 887 2004 communicaverit.
919 1939 1004 2006 Tum
1026 1938 1078 2004 ille
1102 1877 1179 2006 ὃῐὶο
1201 1939 1306 2004 flexus
1328 1936 1438 2004 estad

315 1961 514 2089 voiuntatem
543 2044 654 2090 eorum
681 2032 714 2088 et
735 2025 907 2105 consensit,
937 2025 1013 2108 quia
1033 2031 1128 2088 vento
1150 2026 1272 2108 agitata
1291 2022 1438 2088 harundo

315 2107 432 2174 extitit.
476 2107 722 2172 Damnaverunt
747 2107 863 2170 iterum
900 2128 1013 2171 omnes
1046 2109 1103 2193 qui
1129 2107 1264 2174 aderant
1291 2107 1439 2192 episcopi

316 2190 517 2256 Henrichum
543 2212 653 2276 regem
683 2201 714 2254 et
741 2190 996 2255 iustificaverunt
1023 2189 1131 2256 multis
1156 2192 1261 2257 modis
1283 2193 1334 2256 sui
1357 2190 1438 2256 Gre-

317 2277 400 2360 gorii
421 2284 557 2361 partem,
586 2284 718 2360 agentes
739 2275 803 2359 ipsi
825 2275 933 2338 omnia
955 2283 1066 2338 contm
1086 2274 1214 2361 regulas
1240 2285 1272 2340 ct
1292 2275 1439 2340 instituta

318 2357 483 2440 ecclesiae,
506 2360 648 2445 quinon
670 2359 895 2424 convenissent
915 2358 958 2423 ad
979 2358 1138 2445 synodum
1159 2361 1193 2424 in
1214 2359 1286 2426 loco
1308 2358 1438 2441 celebri,

253 2449 255 2452 ’
317 2445 351 2508 in
365 2443 495 2508 civitate
509 2442 633 2507 scilicet
646 2442 834 2529 episcopali,
856 2443 912 2528 qui
927 2446 1152 2508 convenissent
1171 2445 1205 2508 in
1218 2444 1308 2509 festis
1323 2442 1440 2508 diebus

317 2547 444 2614 pascae,
477 2528 512 2592 in
543 2525 658 2592 diebus
687 2525 811 2592 scilicet
836 2525 947 2626 gaudii
980 2537 1013 2592 et
1040 2527 1190 2612 laetitiae,
1223 2539 1259 2594 ut
1290 2528 1437 2592 miserias

317 2611 510 2676 miserorum
537 2633 578 2676 au
603 2620 702 2693 erent,
729 2621 765 2676 ut
787 2610 959 2677 sed1tiones
980 2632 1019 2674 ac
1039 2611 1162 2697 proelia
1182 2621 1383 2694 renovarent,
1403 2621 1441 2678 ut

318 2696 415 2762 etism
448 2695 546 2760 fidem
578 2635 788 2766 destruerent,
830 2694 927 2761 Unde
959 2695 1093 2760 audiant
1123 2697 1185 2782 ipsi
1212 2695 1441 2762 iustificatores

318 2781 369 2845 sui
391 2780 542 2880 Gregorii
569 2789 601 2845 et
627 2780 830 2844 damnatores
857 2781 1061 2866 imperatoris
1083 2779 1249 2863 Henrichi,
1282 2801 1356 2846 cum
1376 2781 1440 2880 ipsi

319 2865 422 2950 magis
453 2874 516 2930 s1nt
542 2863 695 2944 damnati,
724 2873 836 2950 utpote
863 2863 1079 2929 destructores
1107 2864 1192 2949 fidei,
1222 2863 1364 2944 audiant,
1393 2887 1440 2930 m·

320 2970 428 3034 quam,
457 2948 497 3014 de
523 2947 708 3012 huiusmodi
735 2948 924 3012 sententiam
952 2950 1055 3012 sancti
1077 2970 1181 3034 papae
1203 2946 1343 3014 Gelasii:
1377 2963 1440 3015 Nou

321 3056 376 3098 tum
390 3053 501 3113 propter
519 3044 663 3113 relipicnis,
682 3031 819 3116 inquitt,
840 3063 949 3098 causum
967 3047 1074 3099 student
1092 3046 1308 3114 dispositionibus
1323 3045 1441 3114 publicis

322 3119 437 3183 obviare,
456 3120 504 3172 sed
517 3119 609 3185 potius
624 3135 676 3185 per
695 3121 856 3172 occasionem
880 3120 971 3188 rapine
989 3120 1171 3186 ulliputionis⁸
1189 3121 1346 3174 catholicam
1356 3119 1441 3186 fidem

320 3192 466 3244 metiamtur
484 3198 598 3244 euertere
616 3199 640 3244 et
659 3193 708 3245 tati
726 3188 893 3245 cornmertiob
918 3199 1026 3260 sperata
1039 3201 1189 3260 praestare,
1209 3211 1269 3247 cum
1287 3211 1332 3262 epo
1352 3198 1375 3244 et
1393 3193 1440 3244 ds·

322 3283 409 3320 testor
427 3282 500 3318 maus
518 3283 572 3317 non
585 3266 669 3318 solum
681 3267 786 3319 minime
804 3266 834 3318 in
852 3266 904 3317 ltac
918 3271 998 3331 purte
1017 3266 1197 3319 damnationis
1212 3285 1307 3319 nomen
1324 3266 1440 3332 imperu-

323 3338 386 3390 toris
412 3338 583 3407 attiperimus,
609 3340 656 3391 scd
674 3340 794 3407 insuper,
809 3345 952 3406 postquam
972 3339 1084 3406 adeptus
1104 3349 1141 3392 est
1159 3339 1261 3408 repium
1275 3344 1441 3407 potestatem,

322 3411 472 3479 honorificis
491 3430 551 3464 eum
569 3411 651 3464 literis
670 3415 790 3466 salutare
809 3411 970 3464 curarimus.
1009 3412 1166 3465 Sacerdotes
1183 3419 1280 3477 uuum,
1299 3413 1346 3479 qui
1359 3428 1444 3478 prue-

321 3485 516 3538 umicutoribus
535 3503 562 3537 se
582 3487 787 3540 communicasse
802 3486 917 3553 propria
935 3501 997 3538 uoce
1010 3487 1125 3552 confessi
1142 3493 1212 3550 sunt,
1233 3503 1251 3536 u
1263 3485 1443 3538 communione

323 3559 467 3623 apostolica
491 3560 678 3612 subntoucrsmt
701 3561 849 3612 decessores
873 3557 934 3622 mei,
959 3558 1055 3624 quibus
1079 3559 1176 3612 scilicet
1194 3559 1329 3612 damnatis
1348 3557 1372 3610 si
1389 3556 1445 3624 ipsi

318 3639 409 3706 placet
431 3639 543 3706 misceri,
568 3658 623 3693 non
647 3649 734 3708 potest
758 3643 843 3707 nobis,
868 3627 983 3713 inquii,
1006 3642 1144 3709 imputari,
1169 3659 1187 3694 u
1211 3641 1307 3708 quibus
1332 3639 1356 3692 si
1380 3637 1444 3690 uelit

324 3827 347 3884 s)
363 3832 489 3882 legationis
504 3833 549 3875 (let.
609 3831 634 3887 b)
650 3837 780 3876 commento
796 3834 840 3876 Get.

326 4009 356 4079 1)
375 4011 525 4064 Discidium
539 4012 674 4079 quoddam
689 4015 760 4066 inter
775 4014 943 4066 adversarios
956 4014 1069 4064 Henrici
1082 4019 1202 4065 exortum
1218 4019 1284 4066 erat.
1311 4012 1352 4064 cf.
1367 4003 1447 4078 episi.

324 4085 409 4148 illem,
428 4102 507 4151 qnam
521 4087 672 4139 Willelmus
687 4088 772 4140 abbas
785 4089 987 4154 Hirsuugisnsis
1005 4087 1040 4138 ad
1053 4088 1246 4139 Herimannum
1265 4102 1358 4153 regem
1373 4086 1447 4136 misit

323 4158 500 4226 (Sndsndort',
516 4162 632 4226 Registr.
646 4161 690 4214 lb.
705 4161 760 4228 16).
789 4163 885 4212 Mirum
902 4167 951 4226 est,
970 4160 1042 4226 quod
1055 4160 1220 4213 Waltrsmus
1240 4162 1297 4212 eius
1313 4158 1448 4228 epistulae

313 4236 486 4286 ,mentionem
516 4250 569 4286 non
595 4234 670 4286 facit.
764 4236 793 4300 2)
823 4235 864 4288 Of.
888 4233 1016 4286 Bernoldi
1039 4233 1110 4288 ann.
1138 4234 1199 4298 (Sd.
1217 4235 1251 4299 V,
1278 4233 1341 4286 tta.
1368 4231 1447 4300 stt).

325 4305 356 4372 8)
376 4307 523 4359 Hiuschius
544 4325 569 4374 p.
591 4308 655 4360 637.
