3116 4822
287 334 322 384 48
470 337 520 386 DE
539 336 698 387 UNITATE
721 335 924 389 accensus
945 336 1221 391 CONSERVANDA.

288 503 419 568 credens
441 527 513 569 eam
534 527 607 569 esse
629 506 662 568 in
707 514 775 570 arte
797 526 871 588 una,
893 507 985 570 iuxta
1006 505 1093 592 quod
1115 517 1147 571 et
1166 506 1327 570 Dominus
1349 527 1410 590 per

199 657 222 696 u
248 655 277 698 m
287 586 586 676 pseudoprophetas
609 589 671 654 etf
699 611 752 653 sos
768 589 916 654 doctores
930 590 999 656 fieri
1014 590 1187 676 praedixit,
1210 591 1265 676 qui
1280 589 1409 653 dicunt:

153 657 211 767 Ἃ,
224 660 262 756 ’ξᾶ
287 673 370 737 Ecce
386 674 437 738 bic
453 683 499 738 est
517 674 675 755 Christos,
697 697 766 738 ecce
780 673 860 755 iilic,
883 696 956 738 eum
971 672 1024 739 ille
1039 685 1141 740 totum
1157 673 1267 740 orbem
1283 675 1408 756 emerit,

289 757 343 856 qui
370 766 495 824 tantum
524 759 689 844 sanguinis
726 759 776 822 sui
802 761 941 844 pretium
972 758 1070 826 dedit.
1114 759 1166 824 De
1200 759 1249 823 his
1282 757 1408 822 duobus

287 841 430 906 timenda
456 852 530 908 sunt
557 842 717 926 scandala,
747 844 899 928 quoniam
926 852 959 908 ot
985 843 1049 908 duo
1072 855 1147 909 sunt
1167 852 1351 928 praecepta,
1373 844 1406 906 in

155 913 183 954 “f'
199 912 277 954 Μ·
309 925 404 990 uibus
426 936 493 992 tota
513 926 567 992 lex
588 926 708 1013 pendet
730 936 763 991 et
783 950 842 1013 pro
867 927 968 1008 hetae,
995 927 1123 993 dilectio
1147 927 1268 992 scilicet
1289 929 1353 992 Dei
1375 936 1408 992 et

171 973 207 1021 22,
223 974 258 1013 to.

126 949 577 1097 rs.11s,1ss.dileotioproximi.
600 1013 674 1076 Pan
684 1012 787 1076 malta
802 951 1013 1122 diiipentibas
1027 1013 1128 1100 tepens
1142 1023 1242 1095 taam,
1254 1013 1406 1094 Domine,

287 1105 316 1158 et
342 1119 409 1160 non
439 1106 484 1160 est
510 1097 578 1162 illio
604 1096 809 1161 scandalunt.
854 1096 919 1162 sed
946 1097 1057 1162 scribit
1086 1106 1196 1163 contra
1216 1118 1275 1161 nos
1295 1106 1407 1162 noster

286 1179 502 1245 adversarius:
533 1181 614 1262 Nos,
642 1181 801 1266 inquiens,
824 1183 944 1246 iustam
992 1191 1093 1245 anam
1116 1181 1181 1246 Gra
1206 1183 1271 1246 orii
1292 1183 1361 1246 iarn
1384 1205 1407 1245 a

288 1265 356 1328 Deo
386 1268 558 1349 assumpti,
587 1267 673 1329 sicat
693 1266 817 1329 iustum
838 1276 894 1346 est,
917 1205 1132 1350 definiimus.
1209 1265 1272 1330 nde
1294 1269 1406 1350 Augu·

286 1349 388 1412 stinus
404 1349 548 1413 scribens
569 1349 604 1412 in
622 1357 760 1413 tractatu
774 1348 890 1435 psalmi
912 1370 982 1434 cap.
997 1351 1036 1413 12
1058 1350 1099 1415 de
1118 1348 1253 1416 talibus:
1275 1366 1316 1417 Eo
1332 1365 1405 1431 ptos,

286 1434 420 1518 inquit¹,
445 1447 565 1499 abundat
579 1447 706 1514 nequitia,
725 1465 777 1512 qao
797 1447 848 1498 sibi
866 1446 972 1499 videtur
991 1448 1131 1501 abundare
1149 1449 1261 1513 iustitia,
1281 1445 1313 1497 et
1328 1434 1405 1518 quia

286 1517 409 1580 iustitia
434 1525 483 1579 est
507 1517 541 1578 in
569 1515 665 1580 corde
692 1517 847 1600 ipsorum,
876 1515 933 1580 sed
955 1514 1044 1599 falsa,
1066 1516 1139 1582 ideo
1161 1515 1241 1581 ait²:
1264 1532 1327 1584 Non
1342 1549 1404 1598 per·

286 1606 394 1658 veniant
414 1607 451 1656 od
467 1621 566 1670 onam,
586 1605 651 1670 qaia
669 1605 762 1671 repleti
780 1612 842 1656 eant
853 1606 941 1671 falsa.

370 1675 399 1738 6.
443 1673 528 1736 Ecce
561 1675 647 1737 enim
678 1696 746 1756 vos,
776 1683 813 1737 ut
843 1675 889 1739 ita
919 1674 1034 1756 dicam,
1063 1672 1273 1760 particulares
1302 1671 1405 1737 Hildi-

288 1757 417 1840 brandi,
444 1779 504 1842 per
529 1756 587 1822 hos
616 1757 675 1822 14³
702 1768 759 1822 aut
788 1779 827 1821 eo
855 1757 994 1844 amplius
1025 1781 1126 1824 annos
1152 1757 1275 1845 proelia
1301 1767 1334 1822 et
1358 1778 1405 1821 se·

289 1842 425 1908 ditiones
456 1842 567 1926 agin's,
597 1853 630 1908 et
660 1864 701 1907 ne
733 1841 837 1906 adhuc
871 1843 1001 1930 quidem
1034 1845 1107 1929 paci
1135 1841 1187 1908 vel
1215 1840 1405 1907 concordiae

287 1927 501 2014 acquiescitis,
532 1925 599 2008 sed,
626 1927 709 1991 sicut
734 1949 809 1991 vere
834 1928 880 1992 ait
901 1929 1040 1992 Iacobus
1061 1926 1235 2014 apostolus,
1258 1927 1405 1991 occiditis

287 2021 316 2076 et
343 2012 463 2092 zelatis,
493 2011 690 2097 belligeratis
718 2021 746 2075 at
767 2013 917 2098 litipatis.
964 2011 1060 2087 Quod
1081 2017 1112 2078 si
1132 2013 1232 2078 zelam
1255 2033 1405 2076 amaram

288 2097 411 2161 bebetis
441 2106 470 2159 et
498 2099 715 2161 contentiones
741 2099 779 2159 in
809 2097 961 2160 cordibus
993 2101 1119 2178 vestris,
1152 2095 1260 2178 nolite,
1289 2095 1403 2180 inquit,

287 2180 431 2266 ploriari
453 2190 481 2244 et
502 2180 673 2244 mendaces
696 2203 761 2244 esse
785 2181 944 2245 adversas
966 2183 1141 2245 ceritatem.
1175 2181 1253 2244 Non
1275 2189 1319 2242 est
1337 2181 1403 2244 ista

287 2265 454 2348 sapientia
483 2265 654 2327 desursum
682 2265 878 2341 descendens
906 2289 928 2329 a
952 2274 1049 2349 patre
1070 2263 1238 2346 taminiam,
1267 2263 1324 2327 sed
1344 2273 1405 2327 ter-

288 2369 379 2429 rena,
403 2347 568 2427 animalis,
591 2347 764 2412 diabolica.
815 2349 878 2412 Udi
899 2351 985 2414 enim
1007 2348 1094 2413 aetas
1116 2359 1145 2411 et
1167 2351 1335 2429 contentio,
1357 2347 1405 2412 ibi

287 2433 513 2496 inconstantia
535 2441 563 2495 et
585 2453 674 2496 omne
696 2454 779 2516 opas
797 2453 953 2516 pravam.
990 2432 1080 2507 Quae
1104 2442 1210 2497 anterii
1233 2433 1404 2497 desursum

288 2525 333 2580 est
355 2517 533 2600 sapientia,
556 2518 703 2663 pantani
726 2517 855 2603 puidam
874 2517 1011 2602 publica
1033 2527 1088 2598 est,
1110 2519 1228 2582 deinde
1245 2516 1404 2603 pacifica,

287 2601 441 2681 modesta,
471 2603 565 2664 sriasi
587 2600 651 2681 ilis,
680 2601 773 2665 bonis
802 2604 1014 2683 consentiens,
1038 2602 1142 2686 plena
1175 2601 1404 2666 misericordia

288 2695 317 2750 et
328 2684 499 2769 fructibus
521 2686 624 2768 bonis,
647 2686 803 2750 iudicans
820 2688 892 2750 sine
906 2687 1123 2768 simulatione,
1137 2685 1276 2771 fractas
1299 2695 1403 2750 autem

287 2771 435 2834 institiae
462 2772 498 2834 in
524 2792 608 2854 pace
635 2772 816 2835 sentinatur
826 2771 1035 2856 facientibus
1059 2795 1185 2859 pacem.
1236 2771 1336 2851 Unde,
1358 2770 1405 2830 in-

289 2855 367 2940 quit,
395 2852 478 2917 bella
506 2863 534 2916 et
555 2853 625 2918 lites
646 2857 684 2918 in
705 2854 816 2919 uobis?
858 2855 977 2920 Nonne
999 2855 1096 2920 binc?
1130 2853 1252 2919 scilicet
1272 2876 1315 2918 ex
1336 2851 1404 2917 acio

288 2959 397 3001 amaro
433 2947 466 3000 et
498 2937 764 3019 contentionibus,
798 2959 880 3024 quae
912 2948 987 3004 sunt
1019 2940 1052 3003 in
1085 2937 1236 3003 cordibus
1268 2935 1406 3003 vestris?

288 3023 465 3106 Propterea
492 3019 622 3106 quidam
653 3044 694 3086 ex
723 3031 813 3106 parte
835 3021 1061 3104 Hildebrandi,
1083 3022 1227 3088 scribens
1249 3021 1405 3108 grandem

289 3103 457 3191 epistolam
484 3125 543 3190 pro
573 3103 755 3170 defensione
780 3107 923 3171 eiusdem
949 3109 998 3172 sui
1027 3107 1187 3193 Gregorii,
1217 3117 1351 3172 testatur
1371 3107 1405 3170 in

288 3187 422 3253 exordio
443 3187 613 3254 locutionis
636 3210 723 3271 suae,
744 3189 827 3256 nolle
847 3192 1010 3257 auditores
1032 3213 1106 3256 suos
1129 3192 1278 3276 salutare,
1300 3200 1404 3256 osten·

289 3272 367 3338 dens
397 3295 456 3360 per
482 3273 552 3355 hoo,
579 3273 811 3340 fraternitatem
839 3298 873 3341 se
901 3299 964 3340 non
986 3276 1129 3361 diligere,
1157 3277 1245 3363 quod
1267 3285 1316 3341 est
1336 3276 1405 3340 uni·

287 3366 386 3422 tatem
407 3379 473 3422 non
500 3379 624 3441 amare3
655 3359 710 3446 qui
736 3369 821 3425 certe
850 3360 993 3426 scribens
1019 3361 1139 3448 ubique
1169 3370 1280 3425 contra
1302 3381 1406 3424 sacra·

287 3453 396 3507 menta
425 3442 545 3508 Christi
573 3452 604 3508 et
630 3442 793 3526 ecclesiae,
819 3446 1001 3510 terminavit
1027 3447 1217 3531 scripturam
1247 3465 1340 3509 suam
1366 3465 1405 3508 oo

289 3527 411 3591 scilicet
440 3527 599 3592 condendi
627 3529 786 3594 scismatis
816 3551 932 3611 errore,
962 3551 1025 3616 quo
1054 3531 1176 3615 coepit3
1205 3539 1237 3595 et
1258 3529 1405 3594 nesciens

130 3619 346 3679 antissent
376 3622 592 3694 contemnens,
625 3612 713 3697 quod
740 3613 862 3677 fructus
891 3614 1031 3679 iustitiae
1060 3615 1093 3677 in
1121 3635 1203 3701 pace
1231 3613 1406 3677 seminatur

288 3693 480 3760 facientibus
508 3717 631 3782 pacem,
659 3698 718 3760 ait:
751 3697 832 3779 Nos,
861 3701 1094 3764 secutionem
1121 3709 1178 3781 est,
1200 3697 1405 3782 defendimus

288 3781 410 3844 iustam
427 3790 556 3864 partera
575 3780 729 3868 Greporii
750 3805 772 3845 a
786 3782 856 3848 Deo
880 3785 1051 3870 assumpti.
1088 3782 1146 3848 Sic
1162 3783 1283 3868 qnippe
1297 3779 1407 3844 Sacra

145 3882 203 3925 aen.
212 3883 233 3936 s,
242 3883 278 3924 er.
290 3863 470 3951 Scriptura
493 3864 629 3930 Genesis
652 3867 690 3930 de
706 3867 819 3930 Enoch
842 3867 932 3948 dicit,
977 3869 1043 3933 aod
1063 3866 1156 3932 iliani
1173 3867 1264 3930 Dens
1285 3863 1406 3946 tulerit,

311 3951 447 4014 aoniam
469 3972 536 4013 non
559 3952 731 4034 apparuit.
777 3949 841 4014 Sed
867 3891 1024 4018 cathoiica
1052 3951 1190 4018 ecclesia
1217 3947 1408 4036 comprobat

289 3972 350 4097 icc
375 4043 407 4099 et
435 4033 524 4115 dicit,
551 4033 638 4120 quod
663 4035 697 4097 in
725 4032 808 4098 libro
835 4033 875 4101 de
900 4038 1022 4102 unitate
1044 4037 1199 4102 ecclesiae
1222 4034 1406 4121 Cyprianus

290 4196 312 4248 a)
329 4199 356 4238 rt
373 4219 398 4229 -
415 4198 483 4247 celtis
499 4209 574 4238 errore
588 4197 702 4248 manifesto
718 4198 742 4238 ia
752 4199 799 4249 fiae
814 4210 833 4238 o.
850 4201 870 4240 t.
885 4201 948 4249 pontt
965 4201 986 4243 1.
1017 4199 1080 4241 Μ’.

293 4318 320 4384 1)
339 4320 481 4387 Augustini
501 4321 591 4388 Opera
610 4323 657 4384 IV,
678 4323 703 4383 2,
723 4340 749 4388 p.
771 4323 851 4373 1401.
926 4321 955 4388 2)
976 4323 1007 4373 L.
1029 4338 1052 4374 c.
1072 4341 1099 4391 p.
1121 4324 1200 4375 1402.
