3098 4818
310 355 345 404 88
378 380 382 389 -
596 353 719 404 BRUNO
737 353 788 403 DE
809 351 930 404 BELLO
950 351 1143 405 SAXONICO.

230 523 398 610 sorsquod
413 521 612 604 aedificastis
627 544 693 586 uon
710 523 872 586 destruite.
909 519 949 584 Si
971 524 1057 586 caim
1078 525 1135 584 in⁸
1161 525 1288 606 incepto
1310 523 1440 586 itinere

310 617 490 672 retrorsum
518 607 625 671 redire
655 616 686 670 et
723 606 759 669 ab
790 604 1014 688 difficultatem
1047 605 1243 669 diverticula
1272 629 1439 690 quaerere

309 691 419 772 uultis,
441 714 508 754 nan
530 690 632 754 solam
647 691 821 754 uulnerata
837 712 903 752 non
918 692 1057 769 sanatis,
1080 691 1136 752 sed
1150 713 1233 776 quae
1249 712 1335 754 sana
1351 701 1436 753 sunt

310 775 500 839 vulneratis.
544 773 632 838 Num
662 777 693 838 si
721 796 761 836 ea
793 772 1035 837 dissimulando
1066 796 1149 858 quae
1177 784 1284 838 vestra
1312 779 1436 838 statuit

309 862 501 936 auctoritas,
517 881 576 922 nos
592 861 629 922 in
651 859 759 922 media
774 867 964 941 tempestate,
987 881 1085 944 quam
1094 881 1160 942 pro
1175 859 1264 921 uobis
1279 861 1433 922 incurri-

309 967 390 1024 mus,
414 942 647 1027 derelinquitis,
669 944 757 1006 testis
772 952 931 1024 estsuper
946 965 1005 1005 nos
1025 941 1143 1006 coelum
1159 952 1187 1006 et
1200 951 1299 1022 terra,
1322 942 1433 1026 quia¹>

308 1029 430 1092 iniuste
447 1027 576 1111 perditi
599 1049 718 1090 sumus.

396 1112 465 1174 115.
509 1111 591 1174 Item
613 1119 686 1195 post
707 1108 838 1194 aliquod
859 1110 1012 1194 temporis
1042 1109 1243 1175 intervallum
1268 1118 1432 1174 nostrates

308 1193 392 1258 hanc
409 1192 576 1280 epistolem
592 1193 709 1257 domno
725 1190 899 1278 apostolico
915 1196 1085 1258 miserunt:
1106 1195 1185 1258 Non
1206 1195 1283 1258 latet
1304 1198 1431 1259 sancti·

309 1289 404 1342 tatem
426 1289 575 1359 vestram,
598 1289 741 1364 quantas
768 1277 858 1341 vobis
881 1278 1057 1342 obediendo
1069 1281 1311 1364 persecutiones
1328 1281 1432 1364 passi

308 1385 430 1444 sumus,
454 1364 611 1447 quomodo
635 1363 797 1426 aestimati
819 1383 930 1426 sarnus
945 1363 1028 1426 sicut
1050 1386 1121 1426 oaes
1144 1365 1327 1443 occisionis,
1350 1385 1431 1448 quo-

308 1447 402 1510 mado
418 1447 536 1512 traditi
558 1469 667 1508 sumus
682 1448 720 1509 in
733 1445 893 1529 fabulam
908 1456 936 1508 et
951 1449 988 1510 in
1002 1449 1249 1532 improperium.
1293 1447 1333 1512 Si
1347 1470 1427 1533 erpo

307 1529 392 1593 talia
409 1552 477 1614 pro
499 1530 587 1592 oobis
609 1529 795 1593 sustinendo
818 1528 922 1594 nicbil
944 1557 962 1592 a
985 1531 1075 1594 uobis
1112 1533 1220 1595 ratiae
1237 1535 1430 1613 meruimus,

308 1637 366 1676 nec
397 1613 494 1699 dipui
520 1635 632 1677 suasus
660 1636 795 1698 quorum
823 1614 1011 1678 liberationi
1032 1555 1176 1680 stultam
1197 1617 1429 1698 impendatur:

330 1719 412 1761 aare
434 1697 546 1761 saltem
567 1699 704 1778 iustitia,
727 1719 810 1797 puae
825 1721 882 1761 nec
896 1701 1042 1762 inimicis
1058 1699 1247 1785 dcuependa
1263 1710 1317 1780 est,
1333 1701 1429 1763 nobis

308 1720 509 1866 benepatur?
559 1780 599 1846 »Si
626 1804 702 1867 erpo
729 1791 851 1845 iustum
881 1792 934 1864 est,
963 1783 1050 1867 quod
1075 1786 1196 1848 iustum
1223 1805 1288 1848 esse
1315 1785 1428 1847 multis

307 1868 422 1929 uestris
454 1865 695 1929 hortationibus
725 1866 914 1947 didicimus,
948 1865 1068 1930 scilicet
1101 1878 1136 1930 ut
1167 1866 1219 1932 illi
1250 1871 1429 1932 sententiae

191 1959 226 2014 *μ
243 1959 431 2013 ”tuestrae
453 1973 536 2036 quae
557 1951 595 2013 in
617 1949 830 2013 Heinricum*
848 1954 1009 2032 processit
1031 1952 1232 2032 obediamus,
1258 1949 1310 2015 illi
1331 1955 1390 2036 qui
1410 1977 1429 2016 e

307 2037 473 2098 contrario
488 2035 590 2098 eidem
605 2035 780 2098 sententiae
795 2044 918 2098 uestrae
933 2035 1069 2118 superbe
1083 2047 1301 2122 repupnant0,
1324 2059 1429 2122 quare

307 2119 481 2182 secandum
503 2121 664 2182 iustitiam
686 2141 753 2181 non
775 2119 1066 2204 constrinpuntur?
1090 2142 1191 2204 quare
1202 2143 1269 2204 pro
1292 2121 1354 2184 bac
1375 2123 1429 2184 in-

308 2203 489 2266 obedientia
512 2201 638 2265 nullam
662 2201 859 2284 apostolicae
881 2205 1057 2287 prauitatis
1073 2227 1243 2268 censuram
1259 2205 1426 2268 sentiunt?

298 2308 409 2370 ,quare
436 2285 504 2349 illis
534 2286 735 2367 conceditur,
765 2285 851 2370 quad
879 2295 945 2350 tam
970 2290 1054 2371 ipsis
1085 2311 1182 2372 quam
1208 2289 1302 2352 nobis
1324 2292 1425 2353 inter-

307 2369 428 2432 dictum
458 2368 523 2432 est?
552 2379 610 2432 aut
640 2371 796 2454 quomodo
826 2368 894 2434 illis
923 2371 1009 2453 licet,
1039 2373 1126 2456 quad
1152 2372 1246 2436 nabis
1274 2371 1426 2437 illicitum

294 2451 516 2536 factumest?
560 2453 642 2517 Ecce
663 2455 733 2536 ipsi
754 2456 824 2518 siue
847 2457 936 2518 omrzi
958 2457 1214 2520 contradictione
1236 2466 1352 2536 oestro,
1375 2457 1429 2521 illi

307 2536 353 2600 ad
380 2536 537 2600 obtentum
558 2541 654 2622 repni
676 2537 840 2601 auailium
859 2539 1031 2621 praebent,
1055 2543 1110 2603 cui
1131 2563 1187 2603 uos
1202 2543 1298 2626 repni
1311 2541 1426 2626 puber-

305 2617 430 2684 nacula
451 2623 670 2686 interdixistis
677 2645 689 2703 ,·
712 2621 763 2685 illi
783 2623 867 2685 sicut
880 2626 952 2708 repi
966 2627 1121 2704 seruiunt,
1145 2648 1235 2710 quem
1254 2647 1310 2688 uos
1324 2649 1426 2710 usque

306 2706 388 2768 adeo
412 2729 434 2769 u
455 2708 550 2790 repia
566 2707 602 2769 di
625 2709 727 2769 nitate
743 2705 950 2789 deposuistis,
973 2717 1009 2770 ut
1024 2729 1131 2772 omnes
1147 2707 1313 2772 avincula
1329 2712 1423 2773 iura-

294 2790 413 2869 menti,
437 2791 522 2874 quod
544 2791 574 2852 ei
585 2729 741 2873 fecerunt
762 2790 810 2854 ael
814 2789 958 2874 facient,
974 2791 1178 2856 absolveretis
1185 2815 1197 2874 ,·
1220 2791 1272 2856 illi
1282 2795 1423 2876 partici-

297 2874 420 2957 pando
442 2875 688 2953 communicant,
711 2897 802 2958 queem
824 2873 951 2960 lepatus
976 2885 1109 2939 sanctae
1129 2877 1301 2940 Romanae
1327 2877 1423 2941 eccle-

305 2959 375 3020 siae
388 2957 492 3022 denuo
505 2958 568 3022 sibi
582 2960 678 3043 rapui
686 2958 911 3042 puberuacula
927 2960 1204 3024 contradicendod
1221 2984 1242 3024 a
1256 2961 1424 3026 liminibus

305 3051 441 3104 sunctae
468 3041 618 3104 ecclesiae
648 3045 832 3124 separauit;
861 3043 912 3108 illi
939 3045 984 3108 ad
1012 3066 1052 3127 op
1079 3047 1255 3108 ressionem
1277 3057 1423 3110 nostram

305 3147 378 3188 cum
402 3129 490 3190 amni
511 3125 619 3188 studio
639 3127 725 3188 uires
749 3127 994 3191 administrant.
1070 3130 1207 3214 uicquid
1231 3131 1317 3193 enim
1343 3131 1424 3194 mali

298 3211 463 3293 patimur,
487 3208 527 3271 ab
550 3207 617 3272 illis
632 3211 785 3292 patimur
827 3234 887 3274 uos
914 3235 969 3274 oos
992 3212 1167 3296 probibere
1194 3223 1223 3275 et
1251 3214 1368 3278 debetis
1395 3223 1424 3277 et

300 3295 445 3377 potestis.
493 3291 618 3366 Quibus
647 3292 721 3355 dum
746 3234 839 3357 nulla
868 3318 889 3358 a
918 3297 1006 3360 vobis
1033 3299 1224 3361 auctoritate
1250 3301 1423 3375 resistitur,

304 3379 377 3442 sine
391 3378 489 3442 dubio
506 3378 551 3441 ad
565 3378 816 3441 internecionem
831 3389 975 3444 nostram
985 3379 1094 3462 frena
1108 3381 1278 3445 lassantur.
1315 3383 1425 3467 Ipitur

205 3471 228 3510 ²·
245 3469 294 3512 0⁰?-
305 3471 413 3525 uestra
434 3462 493 3526 illa
505 3461 643 3546 famosa
659 3465 870 3544 strennuitas,
893 3487 976 3549 quae
991 3466 1088 3528 iuncta
1104 3464 1286 3549 apostolum
1300 3489 1425 3551 semper

222 3531 259 3582 ¹⁰'
274 3531 343 3608 ⁶'in
352 3555 512 3630 promptu
527 3546 641 3610 babuit
654 3545 769 3610 ulcisci
784 3549 1183 3630 omneminobedientiam,
1205 3573 1307 3634 quare
1325 3551 1422 3615 istam
1446 3582 1450 3590 ·

303 3650 370 3691 nan
381 3628 571 3694 ulciscitur?2
590 3627 700 3704 Quare
710 3631 808 3695 istum
824 3631 1021 3714 dissimulat,
1034 3642 1062 3696 et
1072 3633 1168 3697 talem
1179 3635 1308 3719 quidem
1318 3635 1422 3700 inobe-

303 3712 470 3791 dientium,
493 3714 530 3776 de
545 3735 612 3796 qua
625 3713 715 3777 mula
728 3715 905 3780 inaudita⁰
922 3719 1085 3798 oriuntur,
1100 3717 1190 3781 mala
1205 3741 1341 3804 quorum
1356 3731 1421 3782 nan

302 3806 349 3860 est
370 3796 547 3862 numerus?
590 3795 630 3860 Si
645 3798 777 3882 quando
791 3802 930 3864 miserae
945 3824 1005 3866 nos
1021 3824 1093 3866 oues
1107 3804 1144 3865 in
1161 3803 1273 3888 aliquo
1289 3805 1422 3868 encessi-

301 3903 382 3963 mas,
411 3880 579 3964 confestim
601 3883 671 3944 sine
693 3905 797 3964 mora,
819 3886 889 3948 sine
910 3886 1069 3950 dilatione
1089 3887 1126 3950 in
1148 3908 1207 3950 nos
1223 3887 1421 3970 apostolicae

303 3967 505 4030 austeritatis
519 3965 667 4030 vindicta
679 3969 847 4050 processit.
870 3969 970 4034 Nunc
984 3979 1089 4034 autem
1101 3993 1172 4035 cum
1188 3971 1233 4034 aal
1243 3971 1338 4055 lupos
1345 3993 1421 4056 per-

302 4059 429 4113 uentum
452 4059 506 4130 est,
522 4053 580 4135 qui
595 4052 719 4134 apertis
733 4051 893 4116 morsibus
908 4055 944 4118 in
959 4077 1089 4140 prepem
1104 4056 1302 4120 dominicum
1314 4055 1421 4120 desae-

301 4136 406 4214 aiunt,
419 4135 530 4198 omniu
542 4156 614 4198 cum
620 4135 788 4218 patientia
798 4136 1297 4224 etlonpanimitatedifferuntur,
1310 4143 1420 4204 omnia

300 4219 340 4282 iu
354 4220 475 4301 spiritu
490 4217 635 4281 lenitatis
650 4217 841 4287 tolerantur.
864 4222 1035 4309 Ropamus
1049 4246 1125 4309 erpo
1140 4246 1195 4287 vos
1205 4222 1215 4264 f
1227 4245 1288 4308 per
1305 4247 1420 4288 nomen

301 4356 326 4468 B)
338 4359 420 4458 ap]
468 4358 492 4412 b)
509 4362 571 4410 quod
586 4363 606 4402 8.
674 4360 695 4413 a)
712 4365 851 4412 repugnavit
868 4368 887 4406 1.
955 4365 1187 4419 &interdicendum
1255 4366 1277 4420 e)
1293 4369 1385 4425 infinito
1400 4371 1423 4410 2.
