3098 4818
274 333 310 382 46
567 331 687 381 BRUNO
708 328 757 378 DE
777 328 895 378 BELLO
916 327 1104 378 snxorilco.

197 519 262 559 mss.
268 501 402 584 placuit
422 499 482 562 tibi
504 508 532 561 et
548 498 667 582 placet,
691 506 726 558 ut
742 494 890 581 populus
912 497 1116 560 christianus
1137 494 1197 558 tibi
1211 491 1398 577 specialiter

274 585 479 664 commissus,
512 583 612 644 micbi
645 581 772 644 obediat
801 579 987 663 specialiter
1007 601 1074 663 pro
1106 581 1175 642 vice
1205 588 1263 641 tua
1294 577 1397 639 micbi

273 669 453 747 commisso,
475 675 504 730 et
516 667 616 730 micbi
630 673 689 728 tua
703 665 818 749 qratia
832 674 878 729 est
887 673 1032 748 potestas
1047 687 1069 726 a
1083 662 1155 726 Deo
1170 663 1248 726 data
1263 661 1399 744 lipandi

274 764 303 818 et
323 752 469 816 solvendi
489 753 526 815 in
549 749 633 814 coelo
656 758 684 812 et
705 751 743 812 in
764 757 863 812 terra.
908 749 982 810 Hac
1004 749 1114 830 itaque
1127 747 1257 829 fiducia
1270 745 1396 830 fretus,

268 860 335 924 pro
366 835 517 900 ecclesiae
546 843 622 896 tune
651 833 771 896 bonore
797 841 827 895 et
859 831 1062 914 defensione,
1096 852 1137 894 en
1163 840 1263 914 parte
1295 830 1397 895 omni·

267 922 413 1008 potentis
440 919 505 982 Dei
530 918 641 981 Patris
668 926 696 980 et
723 915 804 980 Illii
831 925 860 978 et
881 915 1032 1000 Spiritus
1061 917 1184 993 sancti,
1211 937 1277 999 per
1305 925 1397 978 tuom

268 1013 459 1090 potestatem
486 1011 515 1066 et
543 1002 768 1065 auctoritatem
791 1000 949 1064 Heinrico
976 999 1049 1084 repi
1060 997 1137 1080 filio
1160 999 1314 1064 Heinrici
1338 1001 1398 1062 im-

268 1089 453 1175 peratoris,
493 1087 551 1171 qui
583 1093 698 1148 contra
730 1093 821 1147 tuam
853 1083 1018 1148 ecclesiam
1050 1083 1207 1147 inaudita
1239 1083 1398 1168 snperbia

274 1172 467 1249 insurrenit,
490 1172 588 1233 totius
609 1169 706 1253 repni
723 1169 970 1232 Teutonicorum
992 1175 1021 1230 et
1035 1166 1153 1232 Italiae
1168 1165 1397 1252 pubernacnla
1485 1198 1490 1202 ”

275 1256 475 1334 contradico,
499 1261 529 1315 et
551 1275 657 1316 omnes
679 1252 878 1315 christianos
902 1275 923 1315 a
944 1250 1074 1314 vinculo
1096 1253 1286 1332 iuramenti,
1309 1251 1397 1337 quod

192 1409 194 1411 ,
275 1341 339 1404 sibi
350 1339 508 1422 fecerunt
528 1335 577 1400 uel
589 1335 736 1420 facient,
760 1335 904 1414 absolvo,
927 1343 956 1398 et
977 1343 1012 1396 ut
1033 1334 1145 1398 nudus
1166 1337 1196 1398 ci
1218 1337 1303 1399 sicut
1323 1337 1398 1420 reqi

274 1425 396 1488 serviat
416 1419 586 1484 interdico.
622 1419 773 1503 Diqnum
794 1428 840 1482 est
860 1421 955 1498 enim,
977 1420 1093 1503 utqui
1114 1419 1219 1483 studet
1241 1420 1396 1484 bonorem

274 1507 425 1570 ecclesiae
447 1514 522 1566 tuae
537 1505 710 1582 minueres,
732 1503 803 1586 ipse
825 1504 978 1566 bonorem
1000 1503 1138 1582 nminat,
1161 1525 1251 1586 quem
1266 1505 1398 1570 videtur

276 1591 401 1654 babere.
445 1589 488 1650 Et
536 1589 595 1650 nia
617 1588 701 1650 sicut
723 1587 924 1650 christianus
947 1587 1136 1670 contempsit
1164 1586 1305 1668 obedire,
1339 1610 1397 1652 nec

276 1676 321 1738 ad
342 1674 449 1736 Deum
470 1611 570 1734 rediit
585 1693 677 1754 quem
692 1671 825 1752 dimisit,
841 1669 1086 1756 participando
1107 1675 1397 1738 excommunicatis

275 1768 305 1822 et
325 1757 443 1820 multas
458 1757 649 1839 iniquitates
653 1753 829 1840 faciendo,
852 1777 985 1839 meaque
999 1757 1134 1835 monito,
1157 1777 1240 1838 qnae
1250 1779 1315 1840 pro
1331 1779 1397 1820 sua

275 1843 379 1908 solute
402 1840 466 1903 sibi
486 1841 581 1920 misi,
611 1848 639 1902 te
668 1847 742 1902 teste
764 1839 961 1922 spernendo,
990 1861 1084 1923 seque
1107 1839 1147 1903 ab
1169 1839 1304 1904 ecclesia
1325 1851 1396 1924 tua,

189 1985 257 2026 M„
275 1935 436 2011 temptans
451 1947 522 1988 eam
536 1923 694 2003 scindere,
717 1923 916 2006 separando,
938 1921 1070 1986 uinculo
1085 1945 1157 1986 eum
1177 1925 1398 1990 anathematis

177 2013 344 2096 10‚1s]uice
366 2019 425 2072 tua
448 2008 567 2093 adipe,
590 2016 619 2069 et
641 2008 688 2069 sic
710 2030 781 2070 eum
803 2029 843 2070 en
856 2005 989 2087 fiducia
1012 2016 1071 2070 tna
1094 2005 1208 2093 alliqo,
1232 2018 1268 2072 ut
1289 2011 1399 2072 sciant

277 2103 386 2182 pentes
414 2101 442 2155 et
469 2091 689 2175 comprobent,
723 2093 803 2174 quia
832 2099 867 2154 tn
895 2113 927 2154 es
948 2090 1080 2172 Petrus,
1113 2101 1142 2154 et
1164 2114 1264 2176 super
1285 2093 1398 2157 racab

272 2189 403 2264 petram
417 2175 513 2258 filius
533 2175 598 2238 Dei
619 2175 687 2237 eici
709 2173 896 2254 aedificavit
917 2173 1085 2238 ecclesiam
1106 2197 1210 2258 suam,
1233 2186 1261 2240 et
1280 2186 1398 2261 portae

277 2261 385 2347 inferi·
403 2282 470 2322 non
486 2257 728 2342 praevalebunt
751 2259 909 2322 adversus
930 2281 1011 2322 eam.
1251 2315 1254 2319 ,

362 2345 380 2406 'i
387 2345 414 2405 1.
450 2339 578 2406 Deinde
600 2361 666 2404 non
686 2339 782 2439 longo
804 2351 948 2426 tempore
970 2351 1141 2424 transacto,
1165 2342 1300 2408 domnus
1322 2365 1398 2429 apo·

279 2426 424 2507 stolicus,
457 2446 497 2489 ne
530 2446 640 2510 regem
669 2446 772 2510 magis
801 2425 936 2489 iniuriae
963 2448 1041 2490 suae
1068 2425 1176 2490 dolore
1204 2449 1301 2512 quam
1328 2427 1397 2492 zelo

277 2511 417 2576 iustitiae
439 2509 735 2574 excommunicasse
756 2518 938 2593 putaretur,
963 2509 1021 2574 has
1043 2508 1164 2574 litteras
1186 2513 1227 2574 ad
1250 2512 1398 2595 regiones

88 2631 136 2711 ,s
278 2595 472 2660 Teutonicas
504 2594 609 2680 misit,
649 2594 766 2679 quibus
805 2615 840 2658 se
876 2595 960 2658 iuste
994 2615 1068 2658 eum
1102 2597 1400 2662 excommunicasse

137 2691 145 2706 ¹
277 2687 440 2746 testatum:

35 2724 275 2819 ffiff'ss'sffib‘
364 2765 414 2828 72.
459 2761 661 2848 Greporius⁶
682 2762 856 2844 episcopus
878 2783 990 2826 seruus
1011 2784 1178 2826 servornm
1197 2761 1270 2841 Dei,
1295 2766 1396 2827 omni-

279 2849 338 2913 bns
360 2849 540 2931 episcopis,
569 2845 707 2909 ducibus
729 2853 757 2908 et
779 2845 965 2926 comitibus,
993 2847 1167 2932 ceterisque
1183 2847 1341 2928 fidelibus
1361 2850 1398 2912 in

279 2933 318 2996 in
343 2953 445 3016 regno
469 2928 737 2994 Teutonicorond
767 2929 985 2994 christianam
1007 2929 1109 3012 fidem
1138 2929 1396 3014 defendentibus,

279 3014 414 3080 salntem
436 3025 465 3078 et
480 3011 711 3161 apostolicame
733 3012 993 3077 benedictionem
1026 3011 1225 3079 Audivimus
1241 3015 1400 3099 quosdam

279 3101 366 3163 inter
395 3119 451 3162 eos
507 3119 522 3160 e
554 3097 901 3178 encommunicatione,
934 3119 1032 3182 qnam
1057 3099 1096 3161 in
1125 3120 1232 3182 repem
1244 3097 1399 3183 fecimus,

281 3183 440 3262 dubitare,
464 3203 503 3245 ac
525 3201 680 3266 quaerere
701 3188 811 3243 utrum
831 3183 914 3244 iuste
929 3183 1225 3246 encommunicotus
1248 3185 1300 3264 sit,
1323 3185 1400 3247 etsi

280 3276 394 3330 nostra
416 3266 575 3329 sententia
597 3286 637 3328 esc
660 3265 851 3328 anctoritate
872 3264 990 3350 lepalis
1012 3287 1169 3329 censurae
1191 3287 1230 3330 ea
1277 3290 1324 3330 ua
1346 3267 1398 3330 de-

281 3351 350 3416 buit
371 3349 602 3414 deliberatione
620 3369 801 3434 prepressa
823 3347 893 3411 ests.
939 3347 1163 3434 Quapropter,
1191 3291 1333 3435 qualiter
1355 3351 1399 3414 ad

280 3434 626 3499 eucommunicandum
654 3433 747 3497 mum
777 3433 914 3496 adducti
934 3435 1067 3514 simusi,
1086 3442 1190 3521 prout
1211 3435 1322 3498 uerius
1339 3456 1399 3519 po-

280 3521 414 3599 tuimus,
429 3528 503 3582 teste
517 3518 717 3582 conscientia
731 3525 855 3599 nostra,
872 3515 974 3580 oculis
989 3527 1018 3580 et
1030 3517 1242 3582 intellectibus
1258 3521 1401 3584 omnium

276 3602 465 3686 patefacere
492 3603 698 3692 curavimus,
727 3623 794 3664 non
820 3609 886 3664 tam
913 3609 950 3662 ut
971 3600 1125 3686 sinpulas
1151 3625 1287 3683 causas,
1318 3625 1401 3688 quae

282 3686 345 3748 lieu
366 3687 503 3750 nimium
524 3695 620 3749 notae
642 3693 726 3765 sunt,
750 3686 847 3768 quasi
868 3685 999 3749 nostroh
1020 3685 1158 3750 clamore
1174 3687 1213 3749 in
1228 3687 1401 3770 publicum
1449 3717 1452 3720 ·

279 3769 498 3854 proiciamus,
530 3791 628 3854 qnam
649 3778 685 3832 nt
715 3789 826 3831 eorum
855 3769 1022 3852 opinioni
1051 3768 1313 3855 satisfaciamus,
1343 3771 1402 3856 qni

284 3911 307 3963 s.)
324 3913 461 3953 imminuere
477 3913 499 3954 i.
514 3912 541 3953 It.
601 3909 625 3962 b)
641 3913 701 3952 hanc
719 3913 739 3952 2.
801 3909 822 3963 c)
840 3911 867 3954 G.
886 3915 904 3952 1.
921 3913 959 3963 qui
974 3915 997 3953 tn
1012 3914 1136 3955 nominibus
1156 3913 1221 3954 dubio
1241 3926 1286 3954 non
1303 3914 1402 3954 consciis

283 3973 401 4012 scribendis
416 3973 463 4012 eins
476 3982 522 4010 mos
538 3975 573 4012 sst.
605 3971 666 4017 Quod
681 3971 757 4010 abhinc
771 3981 817 4010 non
830 3973 959 4014 notabimus.
1010 3973 1033 4024 d)
1050 3974 1178 4014 Teutonico
1199 3975 1220 4015 i.
1268 3973 1290 4026 e)
1307 3975 1362 4012 deest
1379 3973 1400 4014 1.

283 4029 457 4083 iiprocesssrii
477 4030 540 4070 Paul.
556 4039 679 4080 progressa
700 4031 730 4069 sit
751 4031 820 4080 Eupo.
880 4029 903 4082 g)
926 4041 1004 4072 sumus
1021 4033 1041 4074 2.
1102 4031 1126 4084 h)
1149 4035 1175 4073 in
1194 4037 1316 4083 nosti-015
1339 4041 1401 4071 nouo

283 4090 346 4130 Pani.
408 4087 425 4142 i)
443 4089 591 4140 opinionibus
607 4089 632 4130 P.
648 4089 676 4130 Η.

286 4183 314 4250 1)
333 4204 359 4238 υ.
378 4183 460 4236 Pauli
477 4185 573 4237 Bernr.
600 4185 656 4236 cito
676 4185 753 4254 Orey.
781 4185 844 4238 VII.
864 4203 886 4237 c.
908 4185 952 4238 is.
972 4185 1003 4236 P.
1034 4184 1144 4252 Leptim
1158 4195 1301 4254 praeterea
1326 4185 1403 4249 apud

283 4257 425 4396 {Iuggrgem
443 4258 552 4311 Ilaoin.
572 4257 622 4312 SS.
651 4259 729 4323 VIII,
750 4259 821 4320 439,·
840 4259 925 4310 denuo
946 4259 1029 4311 edidit
1047 4259 1151 4326 Jafflus
1171 4259 1244 4316 Mon,
1257 4259 1400 4326 Bamberq.
