<?xml version="1.0" encoding="UTF-8"?>
<!DOCTYPE html PUBLIC "-//W3C//DTD XHTML 1.0 Transitional//EN"
    "http://www.w3.org/TR/xhtml1/DTD/xhtml1-transitional.dtd">
<html xmlns="http://www.w3.org/1999/xhtml" xml:lang="en" lang="en">
 <head>
  <title>
</title>
<meta http-equiv="Content-Type" content="text/html;charset=utf-8" />
  <meta name='ocr-system' content='tesseract 3.04.00' />
  <meta name='ocr-capabilities' content='ocr_page ocr_carea ocr_par ocr_line ocrx_word'/>
</head>
<body>
  <div class='ocr_page' id='page_1' title='image "./waltramiutvidet01schwgoog_0032.png"; bbox 0 0 3116 4822; ppageno 0'>
   <div class='ocr_carea' id='block_1_1' title="bbox 283 386 1224 440">
    <p class='ocr_par' dir='ltr' id='par_1_1' title="bbox 283 386 1224 440">
     <span class='ocr_line' id='line_1_1' title="bbox 283 386 1224 440; baseline 0.004 -4"><span class='ocrx_word' id='word_1_1' title='bbox 283 387 299 436; x_wconf 83' lang='grc'><strong>6</strong></span> <span class='ocrx_word' id='word_1_2' title='bbox 472 389 522 438; x_wconf 86' lang='lat' dir='ltr'><strong>DE</strong></span> <span class='ocrx_word' id='word_1_3' title='bbox 542 386 700 438; x_wconf 79' lang='lat' dir='ltr'>UNITATE</span> <span class='ocrx_word' id='word_1_4' title='bbox 720 387 925 440; x_wconf 77' lang='lat' dir='ltr'>EOOLESIAE</span> <span class='ocrx_word' id='word_1_5' title='bbox 946 388 1224 440; x_wconf 66' lang='lat' dir='ltr'><strong>consueverint.</strong></span> 
     </span>
    </p>
   </div>
   <div class='ocr_carea' id='block_1_2' title="bbox 116 553 1403 2383">
    <p class='ocr_par' dir='ltr' id='par_1_2' title="bbox 280 553 1402 724">
     <span class='ocr_line' id='line_1_2' title="bbox 280 553 1402 642; baseline 0.003 -24"><span class='ocrx_word' id='word_1_6' title='bbox 280 553 323 618; x_wconf 87' lang='lat' dir='ltr'><strong>ad</strong></span> <span class='ocrx_word' id='word_1_7' title='bbox 340 554 591 620; x_wconf 77' lang='lat' dir='ltr'><strong>destructionem</strong></span> <span class='ocrx_word' id='word_1_8' title='bbox 605 553 823 618; x_wconf 88' lang='lat' dir='ltr'><strong>ecclesiarum.</strong></span> <span class='ocrx_word' id='word_1_9' title='bbox 856 554 891 619; x_wconf 84' lang='lat' dir='ltr'><strong>Si</strong></span> <span class='ocrx_word' id='word_1_10' title='bbox 906 557 991 620; x_wconf 93' lang='lat' dir='ltr'><strong>enim</strong></span> <span class='ocrx_word' id='word_1_11' title='bbox 1010 577 1168 642; x_wconf 88' lang='lat' dir='ltr'><strong>ponamus</strong></span> <span class='ocrx_word' id='word_1_12' title='bbox 1183 555 1273 620; x_wconf 91' lang='lat' dir='ltr'><strong>verbi</strong></span> <span class='ocrx_word' id='word_1_13' title='bbox 1288 559 1402 640; x_wconf 87' lang='lat' dir='ltr'><strong>gratia,</strong></span> 
     </span>
     <span class='ocr_line' id='line_1_3' title="bbox 282 637 1402 724; baseline 0.004 -23"><span class='ocrx_word' id='word_1_14' title='bbox 282 639 446 704; x_wconf 85' lang='lat' dir='ltr'><strong>credentes</strong></span> <span class='ocrx_word' id='word_1_15' title='bbox 479 638 606 704; x_wconf 76' lang='lat' dir='ltr'><strong>Christo</strong></span> <span class='ocrx_word' id='word_1_16' title='bbox 638 637 852 724; x_wconf 84' lang='lat' dir='ltr'><strong>potestatibus</strong></span> <span class='ocrx_word' id='word_1_17' title='bbox 884 639 1004 705; x_wconf 88' lang='lat' dir='ltr'><strong>saeculi</strong></span> <span class='ocrx_word' id='word_1_18' title='bbox 1030 639 1191 704; x_wconf 88' lang='lat' dir='ltr'><strong>subiectos</strong></span> <span class='ocrx_word' id='word_1_19' title='bbox 1224 661 1289 703; x_wconf 89' lang='lat' dir='ltr'><strong>non</strong></span> <span class='ocrx_word' id='word_1_20' title='bbox 1321 663 1402 723; x_wconf 89' lang='lat' dir='ltr'><strong>esse,</strong></span> 
     </span>
    </p>

    <p class='ocr_par' dir='ltr' id='par_1_3' title="bbox 280 722 1403 809">
     <span class='ocr_line' id='line_1_4' title="bbox 280 722 1403 809; baseline 0.003 -23"><span class='ocrx_word' id='word_1_21' title='bbox 280 744 345 786; x_wconf 90' lang='lat' dir='ltr'><strong>non</strong></span> <span class='ocrx_word' id='word_1_22' title='bbox 360 722 484 788; x_wconf 83' lang='lat' dir='ltr'><strong>tradere</strong></span> <span class='ocrx_word' id='word_1_23' title='bbox 499 722 619 788; x_wconf 89' lang='lat' dir='ltr'><strong>tributa</strong></span> <span class='ocrx_word' id='word_1_24' title='bbox 640 743 700 788; x_wconf 89' lang='lat' dir='ltr'><strong>nec</strong></span> <span class='ocrx_word' id='word_1_25' title='bbox 714 722 885 808; x_wconf 87' lang='lat' dir='ltr'><strong>vectigalia</strong></span> <span class='ocrx_word' id='word_1_26' title='bbox 899 725 1070 809; x_wconf 82' lang='lat' dir='ltr'><strong>pensitare,</strong></span> <span class='ocrx_word' id='word_1_27' title='bbox 1092 723 1171 787; x_wconf 94' lang='lat' dir='ltr'><strong>nulli</strong></span> <span class='ocrx_word' id='word_1_28' title='bbox 1186 745 1297 788; x_wconf 89' lang='lat' dir='ltr'><strong>eorum</strong></span> <span class='ocrx_word' id='word_1_29' title='bbox 1311 727 1403 789; x_wconf 92' lang='lat' dir='ltr'><strong>timo·</strong></span> 
     </span>
    </p>

    <p class='ocr_par' dir='ltr' id='par_1_4' title="bbox 280 806 1401 893">
     <span class='ocr_line' id='line_1_5' title="bbox 280 806 1401 893; baseline 0.004 -25"><span class='ocrx_word' id='word_1_30' title='bbox 280 828 346 870; x_wconf 89' lang='lat' dir='ltr'><strong>rem</strong></span> <span class='ocrx_word' id='word_1_31' title='bbox 377 806 428 872; x_wconf 89' lang='lat' dir='ltr'><strong>vel</strong></span> <span class='ocrx_word' id='word_1_32' title='bbox 449 807 602 872; x_wconf 90' lang='lat' dir='ltr'><strong>honorem</strong></span> <span class='ocrx_word' id='word_1_33' title='bbox 625 806 757 887; x_wconf 88' lang='lat' dir='ltr'><strong>deferre,</strong></span> <span class='ocrx_word' id='word_1_34' title='bbox 787 828 893 872; x_wconf 85' lang='lat' dir='ltr'><strong>nonne</strong></span> <span class='ocrx_word' id='word_1_35' title='bbox 915 831 973 893; x_wconf 90' lang='lat' dir='ltr'><strong>per</strong></span> <span class='ocrx_word' id='word_1_36' title='bbox 994 807 1056 872; x_wconf 88' lang='lat' dir='ltr'><strong>hoe</strong></span> <span class='ocrx_word' id='word_1_37' title='bbox 1078 819 1238 872; x_wconf 89' lang='lat' dir='ltr'><strong>rectorum</strong></span> <span class='ocrx_word' id='word_1_38' title='bbox 1260 817 1293 873; x_wconf 87' lang='lat' dir='ltr'><strong>et</strong></span> <span class='ocrx_word' id='word_1_39' title='bbox 1314 810 1401 893; x_wconf 92' lang='lat' dir='ltr'><strong>prin-</strong></span> 
     </span>
    </p>

    <p class='ocr_par' dir='ltr' id='par_1_5' title="bbox 280 891 1401 976">
     <span class='ocr_line' id='line_1_6' title="bbox 280 891 1401 976; baseline 0.002 -22"><span class='ocrx_word' id='word_1_40' title='bbox 280 891 389 976; x_wconf 80' lang='lat' dir='ltr'><strong>cipum</strong></span> <span class='ocrx_word' id='word_1_41' title='bbox 404 893 518 957; x_wconf 91' lang='lat' dir='ltr'><strong>merito</strong></span> <span class='ocrx_word' id='word_1_42' title='bbox 532 894 567 955; x_wconf 92' lang='lat' dir='ltr'><strong>in</strong></span> <span class='ocrx_word' id='word_1_43' title='bbox 581 899 683 955; x_wconf 89' lang='lat' dir='ltr'><strong>semet</strong></span> <span class='ocrx_word' id='word_1_44' title='bbox 694 891 781 975; x_wconf 91' lang='lat' dir='ltr'><strong>ipsos</strong></span> <span class='ocrx_word' id='word_1_45' title='bbox 796 913 886 956; x_wconf 91' lang='lat' dir='ltr'><strong>arma</strong></span> <span class='ocrx_word' id='word_1_46' title='bbox 897 899 1120 957; x_wconf 87' lang='lat' dir='ltr'><strong>converterent</strong></span> <span class='ocrx_word' id='word_1_47' title='bbox 1134 900 1167 956; x_wconf 89' lang='lat' dir='ltr'><strong>et</strong></span> <span class='ocrx_word' id='word_1_48' title='bbox 1181 904 1401 976; x_wconf 80' lang='lat' dir='ltr'><strong>persecutores</strong></span> 
     </span>
    </p>

    <p class='ocr_par' dir='ltr' id='par_1_6' title="bbox 302 974 1401 1062">
     <span class='ocr_line' id='line_1_7' title="bbox 302 974 1401 1062; baseline 0.006 -24"><span class='ocrx_word' id='word_1_49' title='bbox 302 974 410 1040; x_wconf 90' lang='lat' dir='ltr'><strong>uidem</strong></span> <span class='ocrx_word' id='word_1_50' title='bbox 423 997 497 1040; x_wconf 87' lang='lat' dir='ltr'><strong>suos</strong></span> <span class='ocrx_word' id='word_1_51' title='bbox 509 975 722 1056; x_wconf 83' lang='lat' dir='ltr'><strong>excusabiles,</strong></span> <span class='ocrx_word' id='word_1_52' title='bbox 738 985 839 1041; x_wconf 89' lang='lat' dir='ltr'><strong>semet</strong></span> <span class='ocrx_word' id='word_1_53' title='bbox 849 975 937 1061; x_wconf 91' lang='lat' dir='ltr'><strong>ipsos</strong></span> <span class='ocrx_word' id='word_1_54' title='bbox 950 998 1026 1042; x_wconf 90' lang='lat' dir='ltr'><strong>vero</strong></span> <span class='ocrx_word' id='word_1_55' title='bbox 1043 975 1221 1062; x_wconf 81' lang='lat' dir='ltr'><strong>culpabiles</strong></span> <span class='ocrx_word' id='word_1_56' title='bbox 1235 975 1401 1045; x_wconf 71' lang='lat' dir='ltr'><strong>facerent?</strong></span> 
     </span>
    </p>

    <p class='ocr_par' dir='ltr' id='par_1_7' title="bbox 312 1058 1401 1146">
     <span class='ocr_line' id='line_1_8' title="bbox 312 1058 1401 1146; baseline 0.004 -24"><span class='ocrx_word' id='word_1_57' title='bbox 312 1079 353 1122; x_wconf 94' lang='lat' dir='ltr'><strong>on</strong></span> <span class='ocrx_word' id='word_1_58' title='bbox 375 1061 461 1124; x_wconf 87' lang='lat' dir='ltr'><strong>enim</strong></span> <span class='ocrx_word' id='word_1_59' title='bbox 482 1061 547 1124; x_wconf 90' lang='lat' dir='ltr'><strong>iam</strong></span> <span class='ocrx_word' id='word_1_60' title='bbox 567 1059 652 1142; x_wconf 90' lang='lat' dir='ltr'><strong>fidei,</strong></span> <span class='ocrx_word' id='word_1_61' title='bbox 674 1058 731 1124; x_wconf 88' lang='lat' dir='ltr'><strong>sed</strong></span> <span class='ocrx_word' id='word_1_62' title='bbox 747 1061 968 1124; x_wconf 88' lang='lat' dir='ltr'><strong>contumaciae</strong></span> <span class='ocrx_word' id='word_1_63' title='bbox 991 1081 1090 1125; x_wconf 88' lang='lat' dir='ltr'><strong>causa</strong></span> <span class='ocrx_word' id='word_1_64' title='bbox 1110 1060 1295 1146; x_wconf 87' lang='lat' dir='ltr'><strong>impugnari</strong></span> <span class='ocrx_word' id='word_1_65' title='bbox 1315 1060 1401 1126; x_wconf 91' lang='lat' dir='ltr'><strong>vide·</strong></span> 
     </span>
    </p>

    <p class='ocr_par' dir='ltr' id='par_1_8' title="bbox 278 1143 1400 1230">
     <span class='ocr_line' id='line_1_9' title="bbox 278 1143 1400 1230; baseline 0.004 -24"><span class='ocrx_word' id='word_1_66' title='bbox 278 1152 397 1226; x_wconf 90' lang='lat' dir='ltr'><strong>rentur,</strong></span> <span class='ocrx_word' id='word_1_67' title='bbox 420 1153 452 1209; x_wconf 89' lang='lat' dir='ltr'><strong>et</strong></span> <span class='ocrx_word' id='word_1_68' title='bbox 474 1153 558 1208; x_wconf 89' lang='lat' dir='ltr'><strong>esset</strong></span> <span class='ocrx_word' id='word_1_69' title='bbox 579 1144 618 1207; x_wconf 90' lang='lat' dir='ltr'><strong>iis</strong></span> <span class='ocrx_word' id='word_1_70' title='bbox 633 1164 730 1206; x_wconf 86' lang='lat' dir='ltr'><strong>causa</strong></span> <span class='ocrx_word' id='word_1_71' title='bbox 752 1143 881 1228; x_wconf 91' lang='lat' dir='ltr'><strong>quidem</strong></span> <span class='ocrx_word' id='word_1_72' title='bbox 898 1145 1010 1209; x_wconf 89' lang='lat' dir='ltr'><strong>mortis</strong></span> <span class='ocrx_word' id='word_1_73' title='bbox 1026 1143 1134 1230; x_wconf 87' lang='lat' dir='ltr'><strong>digna,</strong></span> <span class='ocrx_word' id='word_1_74' title='bbox 1156 1145 1306 1208; x_wconf 87' lang='lat' dir='ltr'><strong>meritum</strong></span> <span class='ocrx_word' id='word_1_75' title='bbox 1321 1167 1400 1210; x_wconf 84' lang='lat' dir='ltr'><strong>vero</strong></span> 
     </span>
    </p>

    <p class='ocr_par' dir='ltr' id='par_1_9' title="bbox 116 1226 1401 2383">
     <span class='ocr_line' id='line_1_10' title="bbox 277 1226 1399 1314; baseline 0.003 -24"><span class='ocrx_word' id='word_1_76' title='bbox 277 1228 389 1292; x_wconf 91' lang='lat' dir='ltr'><strong>mortis</strong></span> <span class='ocrx_word' id='word_1_77' title='bbox 412 1228 591 1313; x_wconf 89' lang='lat' dir='ltr'><strong>indignum.</strong></span> <span class='ocrx_word' id='word_1_78' title='bbox 625 1227 698 1291; x_wconf 89' lang='lat' dir='ltr'><strong>Hoc</strong></span> <span class='ocrx_word' id='word_1_79' title='bbox 712 1249 789 1310; x_wconf 88' lang='lat' dir='ltr'><strong>ergo</strong></span> <span class='ocrx_word' id='word_1_80' title='bbox 828 1227 979 1292; x_wconf 92' lang='lat' dir='ltr'><strong>rovidens</strong></span> <span class='ocrx_word' id='word_1_81' title='bbox 1002 1227 1082 1292; x_wconf 89' lang='lat' dir='ltr'><strong>dicit</strong></span> <span class='ocrx_word' id='word_1_82' title='bbox 1103 1226 1278 1314; x_wconf 89' lang='lat' dir='ltr'><strong>apostolus,</strong></span> <span class='ocrx_word' id='word_1_83' title='bbox 1301 1229 1399 1293; x_wconf 92' lang='lat' dir='ltr'><strong>immo</strong></span> 
     </span>
     <span class='ocr_line' id='line_1_11' title="bbox 116 1249 1398 1397; baseline -0.002 -17"><span class='ocrx_word' id='word_1_84' title='bbox 116 1325 336 1396; x_wconf 69' lang='lat' dir='ltr'><strong>nemausaper</strong></span> <span class='ocrx_word' id='word_1_85' title='bbox 357 1312 538 1397; x_wconf 83' lang='lat' dir='ltr'><strong>apostolum</strong></span> <span class='ocrx_word' id='word_1_86' title='bbox 561 1312 607 1375; x_wconf 90' lang='lat' dir='ltr'><strong>sic</strong></span> <span class='ocrx_word' id='word_1_87' title='bbox 631 1311 757 1376; x_wconf 89' lang='lat' dir='ltr'><strong>ordinat</strong></span> <span class='ocrx_word' id='word_1_88' title='bbox 780 1249 940 1376; x_wconf 77' lang='lat' dir='ltr'><strong>Christis:</strong></span> <span class='ocrx_word' id='word_1_89' title='bbox 967 1313 1106 1376; x_wconf 82' lang='lat' dir='ltr'><strong>Reddite</strong></span> <span class='ocrx_word' id='word_1_90' title='bbox 1137 1312 1285 1376; x_wconf 80' lang='lat' dir='ltr'><strong>omnibus</strong></span> <span class='ocrx_word' id='word_1_91' title='bbox 1311 1313 1398 1378; x_wconf 88' lang='lat' dir='ltr'><strong>debi-</strong></span> 
     </span>
     <span class='ocr_line' id='line_1_12' title="bbox 277 1395 1401 1482; baseline 0.004 -24"><span class='ocrx_word' id='word_1_92' title='bbox 277 1406 365 1460; x_wconf 82' lang='lat' dir='ltr'><strong>tam:</strong></span> <span class='ocrx_word' id='word_1_93' title='bbox 400 1399 455 1460; x_wconf 85' lang='lat' dir='ltr'><strong>cai</strong></span> <span class='ocrx_word' id='word_1_94' title='bbox 483 1398 646 1476; x_wconf 79' lang='lat' dir='ltr'><strong>tributam,</strong></span> <span class='ocrx_word' id='word_1_95' title='bbox 673 1395 846 1477; x_wconf 71' lang='lat' dir='ltr'><strong>tributam,</strong></span> <span class='ocrx_word' id='word_1_96' title='bbox 880 1397 936 1460; x_wconf 84' lang='lat' dir='ltr'><strong>cui</strong></span> <span class='ocrx_word' id='word_1_97' title='bbox 964 1396 1117 1482; x_wconf 73' lang='lat' dir='ltr'><strong>vectigal,</strong></span> <span class='ocrx_word' id='word_1_98' title='bbox 1150 1397 1310 1482; x_wconf 67' lang='lat' dir='ltr'><strong>vectigal,</strong></span> <span class='ocrx_word' id='word_1_99' title='bbox 1345 1399 1401 1462; x_wconf 87' lang='lat' dir='ltr'><strong>cai</strong></span> 
     </span>
     <span class='ocr_line' id='line_1_13' title="bbox 278 1480 1400 1566; baseline 0.004 -25"><span class='ocrx_word' id='word_1_100' title='bbox 278 1482 432 1560; x_wconf 82' lang='lat' dir='ltr'><strong>timorem,</strong></span> <span class='ocrx_word' id='word_1_101' title='bbox 451 1481 614 1560; x_wconf 58' lang='lat' dir='ltr'><strong>timorem</strong></span> <span class='ocrx_word' id='word_1_102' title='bbox 636 1481 692 1544; x_wconf 89' lang='lat' dir='ltr'><strong>cai</strong></span> <span class='ocrx_word' id='word_1_103' title='bbox 706 1480 872 1559; x_wconf 83' lang='lat' dir='ltr'><strong>honorem,</strong></span> <span class='ocrx_word' id='word_1_104' title='bbox 888 1481 1040 1545; x_wconf 83' lang='lat' dir='ltr'><strong>bonorem</strong></span> <span class='ocrx_word' id='word_1_105' title='bbox 1049 1504 1061 1562; x_wconf 92' lang='lat'><strong>,·</strong></span> <span class='ocrx_word' id='word_1_106' title='bbox 1084 1481 1208 1544; x_wconf 74' lang='lat' dir='ltr'><strong>neaniai</strong></span> <span class='ocrx_word' id='word_1_107' title='bbox 1223 1484 1400 1566; x_wconf 81' lang='lat' dir='ltr'><strong>quiequam</strong></span> 
     </span>
     <span class='ocr_line' id='line_1_14' title="bbox 278 1563 1401 1648; baseline 0.002 -22"><span class='ocrx_word' id='word_1_108' title='bbox 278 1563 431 1644; x_wconf 81' lang='lat' dir='ltr'><strong>debeatis,</strong></span> <span class='ocrx_word' id='word_1_109' title='bbox 461 1566 526 1628; x_wconf 85' lang='lat' dir='ltr'><strong>nisi</strong></span> <span class='ocrx_word' id='word_1_110' title='bbox 553 1573 589 1627; x_wconf 89' lang='lat' dir='ltr'><strong>at</strong></span> <span class='ocrx_word' id='word_1_111' title='bbox 616 1565 755 1627; x_wconf 82' lang='lat' dir='ltr'><strong>invicem</strong></span> <span class='ocrx_word' id='word_1_112' title='bbox 785 1565 944 1648; x_wconf 70' lang='lat' dir='ltr'><strong>diligatis.</strong></span> <span class='ocrx_word' id='word_1_113' title='bbox 987 1563 1030 1628; x_wconf 84' lang='lat' dir='ltr'><strong>Et</strong></span> <span class='ocrx_word' id='word_1_114' title='bbox 1056 1565 1125 1648; x_wconf 91' lang='lat' dir='ltr'><strong>ipse</strong></span> <span class='ocrx_word' id='word_1_115' title='bbox 1153 1587 1211 1628; x_wconf 89' lang='lat' dir='ltr'><strong>rex</strong></span> <span class='ocrx_word' id='word_1_116' title='bbox 1233 1585 1346 1648; x_wconf 90' lang='lat' dir='ltr'><strong>regum</strong></span> <span class='ocrx_word' id='word_1_117' title='bbox 1369 1573 1401 1628; x_wconf 91' lang='lat' dir='ltr'><strong>et</strong></span> 
     </span>
     <span class='ocr_line' id='line_1_15' title="bbox 278 1645 1401 1732; baseline 0.002 -22"><span class='ocrx_word' id='word_1_118' title='bbox 278 1645 427 1710; x_wconf 91' lang='lat' dir='ltr'><strong>dominus</strong></span> <span class='ocrx_word' id='word_1_119' title='bbox 464 1647 696 1710; x_wconf 84' lang='lat' dir='ltr'><strong>dominantium</strong></span> <span class='ocrx_word' id='word_1_120' title='bbox 733 1647 821 1710; x_wconf 89' lang='lat' dir='ltr'><strong>lesus</strong></span> <span class='ocrx_word' id='word_1_121' title='bbox 852 1646 1008 1728; x_wconf 76' lang='lat' dir='ltr'><strong>Christus,</strong></span> <span class='ocrx_word' id='word_1_122' title='bbox 1045 1647 1194 1732; x_wconf 89' lang='lat' dir='ltr'><strong>dignatus</strong></span> <span class='ocrx_word' id='word_1_123' title='bbox 1222 1648 1401 1712; x_wconf 90' lang='lat' dir='ltr'><strong>secundum</strong></span> 
     </span>
     <span class='ocr_line' id='line_1_16' title="bbox 279 1729 1399 1817; baseline 0.003 -25"><span class='ocrx_word' id='word_1_124' title='bbox 279 1731 384 1793; x_wconf 88' lang='lat' dir='ltr'><strong>carnis</strong></span> <span class='ocrx_word' id='word_1_125' title='bbox 408 1729 679 1816; x_wconf 88' lang='lat' dir='ltr'><strong>dispensationem</strong></span> <span class='ocrx_word' id='word_1_126' title='bbox 694 1730 833 1796; x_wconf 91' lang='lat' dir='ltr'><strong>describi</strong></span> <span class='ocrx_word' id='word_1_127' title='bbox 848 1731 928 1795; x_wconf 90' lang='lat' dir='ltr'><strong>civis</strong></span> <span class='ocrx_word' id='word_1_128' title='bbox 944 1731 1119 1814; x_wconf 88' lang='lat' dir='ltr'><strong>Romanus,</strong></span> <span class='ocrx_word' id='word_1_129' title='bbox 1142 1730 1286 1815; x_wconf 86' lang='lat' dir='ltr'><strong>regulam</strong></span> <span class='ocrx_word' id='word_1_130' title='bbox 1302 1753 1399 1817; x_wconf 88' lang='lat' dir='ltr'><strong>quam</strong></span> 
     </span>
     <span class='ocr_line' id='line_1_17' title="bbox 279 1813 1399 1902; baseline 0.001 -25"><span class='ocrx_word' id='word_1_131' title='bbox 279 1815 445 1879; x_wconf 90' lang='lat' dir='ltr'><strong>constituit</strong></span> <span class='ocrx_word' id='word_1_132' title='bbox 477 1838 573 1900; x_wconf 89' lang='lat' dir='ltr'><strong>super</strong></span> <span class='ocrx_word' id='word_1_133' title='bbox 605 1813 665 1895; x_wconf 92' lang='lat' dir='ltr'><strong>his,</strong></span> <span class='ocrx_word' id='word_1_134' title='bbox 699 1814 826 1879; x_wconf 87' lang='lat' dir='ltr'><strong>dicens:</strong></span> <span class='ocrx_word' id='word_1_135' title='bbox 859 1817 999 1881; x_wconf 78' lang='lat' dir='ltr'><strong>Reddite</strong></span> <span class='ocrx_word' id='word_1_136' title='bbox 1032 1839 1117 1902; x_wconf 79' lang='lat' dir='ltr'><strong>qaae</strong></span> <span class='ocrx_word' id='word_1_137' title='bbox 1144 1825 1220 1880; x_wconf 84' lang='lat' dir='ltr'><strong>suat</strong></span> <span class='ocrx_word' id='word_1_138' title='bbox 1253 1817 1399 1879; x_wconf 83' lang='lat' dir='ltr'><strong>caesaris</strong></span> 
     </span>
     <span class='ocr_line' id='line_1_18' title="bbox 279 1899 1398 1986; baseline -0.002 -22"><span class='ocrx_word' id='word_1_139' title='bbox 279 1902 411 1964; x_wconf 85' lang='lat' dir='ltr'><strong>caesari</strong></span> <span class='ocrx_word' id='word_1_140' title='bbox 436 1910 465 1964; x_wconf 88' lang='lat' dir='ltr'><strong>et</strong></span> <span class='ocrx_word' id='word_1_141' title='bbox 492 1921 574 1986; x_wconf 84' lang='lat' dir='ltr'><strong>qaae</strong></span> <span class='ocrx_word' id='word_1_142' title='bbox 596 1908 674 1963; x_wconf 78' lang='lat' dir='ltr'><strong>sient</strong></span> <span class='ocrx_word' id='word_1_143' title='bbox 695 1900 760 1965; x_wconf 90' lang='lat' dir='ltr'><strong>Dei</strong></span> <span class='ocrx_word' id='word_1_144' title='bbox 781 1901 872 1964; x_wconf 87' lang='lat' dir='ltr'><strong>Deo:</strong></span> <span class='ocrx_word' id='word_1_145' title='bbox 902 1899 993 1980; x_wconf 91' lang='lat' dir='ltr'><strong>hanc,</strong></span> <span class='ocrx_word' id='word_1_146' title='bbox 1016 1900 1158 1985; x_wconf 89' lang='lat' dir='ltr'><strong>inquam,</strong></span> <span class='ocrx_word' id='word_1_147' title='bbox 1182 1921 1259 1963; x_wconf 90' lang='lat' dir='ltr'><strong>suae</strong></span> <span class='ocrx_word' id='word_1_148' title='bbox 1282 1900 1398 1964; x_wconf 90' lang='lat' dir='ltr'><strong>consti-</strong></span> 
     </span>
     <span class='ocr_line' id='line_1_19' title="bbox 278 1981 1398 2070; baseline -0.001 -23"><span class='ocrx_word' id='word_1_149' title='bbox 278 1984 411 2047; x_wconf 89' lang='lat' dir='ltr'><strong>tutionis</strong></span> <span class='ocrx_word' id='word_1_150' title='bbox 439 1983 582 2070; x_wconf 89' lang='lat' dir='ltr'><strong>regulam</strong></span> <span class='ocrx_word' id='word_1_151' title='bbox 610 1984 742 2068; x_wconf 85' lang='lat' dir='ltr'><strong>proprio</strong></span> <span class='ocrx_word' id='word_1_152' title='bbox 772 1983 973 2048; x_wconf 87' lang='lat' dir='ltr'><strong>confirmavit</strong></span> <span class='ocrx_word' id='word_1_153' title='bbox 994 1981 1153 2068; x_wconf 88' lang='lat' dir='ltr'><strong>exemplo.</strong></span> <span class='ocrx_word' id='word_1_154' title='bbox 1197 1983 1291 2046; x_wconf 89' lang='lat' dir='ltr'><strong>Dixit</strong></span> <span class='ocrx_word' id='word_1_155' title='bbox 1313 1984 1398 2048; x_wconf 91' lang='lat' dir='ltr'><strong>enim</strong></span> 
     </span>
     <span class='ocr_line' id='line_1_20' title="bbox 263 2065 1398 2152; baseline -0.002 -20"><span class='ocrx_word' id='word_1_156' title='bbox 263 2068 321 2150; x_wconf 87' lang='lat' dir='ltr'><strong>ad</strong></span> <span class='ocrx_word' id='word_1_157' title='bbox 357 2069 503 2150; x_wconf 90' lang='lat' dir='ltr'><strong>Petrum,</strong></span> <span class='ocrx_word' id='word_1_158' title='bbox 540 2076 713 2152; x_wconf 88' lang='lat' dir='ltr'><strong>postquam</strong></span> <span class='ocrx_word' id='word_1_159' title='bbox 749 2068 933 2132; x_wconf 89' lang='lat' dir='ltr'><strong>ostenderat</strong></span> <span class='ocrx_word' id='word_1_160' title='bbox 968 2089 1003 2130; x_wconf 87' lang='lat' dir='ltr'><strong>se</strong></span> <span class='ocrx_word' id='word_1_161' title='bbox 1039 2090 1059 2132; x_wconf 90' lang='lat' dir='ltr'><strong>a</strong></span> <span class='ocrx_word' id='word_1_162' title='bbox 1094 2066 1214 2131; x_wconf 88' lang='lat' dir='ltr'><strong>tributo</strong></span> <span class='ocrx_word' id='word_1_163' title='bbox 1250 2065 1398 2147; x_wconf 91' lang='lat' dir='ltr'><strong>liberum,</strong></span> 
     </span>
     <span class='ocr_line' id='line_1_21' title="bbox 277 2150 1399 2236; baseline 0 -22"><span class='ocrx_word' id='word_1_164' title='bbox 277 2160 388 2236; x_wconf 89' lang='lat' dir='ltr'><strong>utpote</strong></span> <span class='ocrx_word' id='word_1_165' title='bbox 415 2153 501 2234; x_wconf 88' lang='lat' dir='ltr'><strong>regis</strong></span> <span class='ocrx_word' id='word_1_166' title='bbox 528 2151 646 2232; x_wconf 86' lang='lat' dir='ltr'><strong>filium,</strong></span> <span class='ocrx_word' id='word_1_167' title='bbox 669 2159 701 2214; x_wconf 91' lang='lat' dir='ltr'><strong>et</strong></span> <span class='ocrx_word' id='word_1_168' title='bbox 728 2150 904 2215; x_wconf 91' lang='lat' dir='ltr'><strong>secundum</strong></span> <span class='ocrx_word' id='word_1_169' title='bbox 927 2171 1054 2214; x_wconf 89' lang='lat' dir='ltr'><strong>carnem</strong></span> <span class='ocrx_word' id='word_1_170' title='bbox 1082 2160 1114 2214; x_wconf 90' lang='lat' dir='ltr'><strong>et</strong></span> <span class='ocrx_word' id='word_1_171' title='bbox 1135 2151 1313 2214; x_wconf 90' lang='lat' dir='ltr'><strong>secundum</strong></span> <span class='ocrx_word' id='word_1_172' title='bbox 1335 2153 1399 2236; x_wconf 88' lang='lat' dir='ltr'><strong>spi·</strong></span> 
     </span>
     <span class='ocr_line' id='line_1_22' title="bbox 124 2233 1400 2320; baseline 0 -22"><span class='ocrx_word' id='word_1_173' title='bbox 124 2236 391 2298; x_wconf 63' lang='lat' dir='ltr'><strong>suarnaarimmg</strong></span> <span class='ocrx_word' id='word_1_174' title='bbox 436 2237 476 2298; x_wconf 90' lang='lat' dir='ltr'><strong>Ut</strong></span> <span class='ocrx_word' id='word_1_175' title='bbox 509 2245 627 2316; x_wconf 84' lang='lat' dir='ltr'><strong>uatem,</strong></span> <span class='ocrx_word' id='word_1_176' title='bbox 656 2235 776 2320; x_wconf 90' lang='lat' dir='ltr'><strong>inquit,</strong></span> <span class='ocrx_word' id='word_1_177' title='bbox 804 2257 870 2298; x_wconf 84' lang='lat' dir='ltr'><strong>aaa</strong></span> <span class='ocrx_word' id='word_1_178' title='bbox 904 2233 1163 2299; x_wconf 82' lang='lat' dir='ltr'><strong>scandalizemus</strong></span> <span class='ocrx_word' id='word_1_179' title='bbox 1191 2257 1262 2316; x_wconf 89' lang='lat' dir='ltr'><strong>eos,</strong></span> <span class='ocrx_word' id='word_1_180' title='bbox 1289 2234 1322 2298; x_wconf 93' lang='lat' dir='ltr'><strong>id</strong></span> <span class='ocrx_word' id='word_1_181' title='bbox 1351 2243 1400 2300; x_wconf 85' lang='lat' dir='ltr'><strong>est</strong></span> 
     </span>
     <span class='ocr_line' id='line_1_23' title="bbox 277 2317 1399 2383; baseline 0 -1"><span class='ocrx_word' id='word_1_182' title='bbox 277 2341 318 2382; x_wconf 90' lang='lat' dir='ltr'><strong>ne</strong></span> <span class='ocrx_word' id='word_1_183' title='bbox 346 2340 405 2382; x_wconf 90' lang='lat' dir='ltr'><strong>nos</strong></span> <span class='ocrx_word' id='word_1_184' title='bbox 440 2323 560 2383; x_wconf 86' lang='lat' dir='ltr'><strong>caesari</strong></span> <span class='ocrx_word' id='word_1_185' title='bbox 594 2318 849 2383; x_wconf 88' lang='lat' dir='ltr'><strong>contradicentes</strong></span> <span class='ocrx_word' id='word_1_186' title='bbox 879 2317 1095 2382; x_wconf 88' lang='lat' dir='ltr'><strong>tumultuandi</strong></span> <span class='ocrx_word' id='word_1_187' title='bbox 1123 2319 1162 2381; x_wconf 91' lang='lat' dir='ltr'><strong>iis</strong></span> <span class='ocrx_word' id='word_1_188' title='bbox 1195 2319 1399 2382; x_wconf 87' lang='lat' dir='ltr'><strong>occasionem</strong></span> 
     </span>
    </p>
   </div>
   <div class='ocr_carea' id='block_1_3' title="bbox 184 1806 267 1916">
    <p class='ocr_par' dir='ltr' id='par_1_10' title="bbox 184 1806 267 1916">
     <span class='ocr_line' id='line_1_24' title="bbox 184 1806 267 1847; baseline 0.024 -2"><span class='ocrx_word' id='word_1_189' title='bbox 184 1806 267 1847; x_wconf 78' lang='lat' dir='ltr'><strong>Matth.</strong></span> 
     </span>
     <span class='ocr_line' id='line_1_25' title="bbox 186 1865 267 1916; baseline 0.025 -12"><span class='ocrx_word' id='word_1_190' title='bbox 186 1865 221 1916; x_wconf 72' lang='lat'><strong>22,</strong></span> <span class='ocrx_word' id='word_1_191' title='bbox 232 1865 267 1906; x_wconf 77' lang='lat'><strong>21.</strong></span> 
     </span>
    </p>
   </div>
   <div class='ocr_carea' id='block_1_4' title="bbox 151 2401 1399 2992">
    <p class='ocr_par' dir='ltr' id='par_1_11' title="bbox 277 2401 1399 2490">
     <span class='ocr_line' id='line_1_26' title="bbox 277 2401 1399 2490; baseline 0 -24"><span class='ocrx_word' id='word_1_192' title='bbox 277 2401 502 2490; x_wconf 85' lang='lat' dir='ltr'><strong>praebeamus,</strong></span> <span class='ocrx_word' id='word_1_193' title='bbox 524 2404 607 2468; x_wconf 85' lang='lat' dir='ltr'><strong>eade</strong></span> <span class='ocrx_word' id='word_1_194' title='bbox 630 2403 675 2466; x_wconf 93' lang='lat' dir='ltr'><strong>ad</strong></span> <span class='ocrx_word' id='word_1_195' title='bbox 696 2425 786 2470; x_wconf 81' lang='lat' dir='ltr'><strong>mare</strong></span> <span class='ocrx_word' id='word_1_196' title='bbox 808 2413 837 2466; x_wconf 89' lang='lat' dir='ltr'><strong>et</strong></span> <span class='ocrx_word' id='word_1_197' title='bbox 857 2404 943 2466; x_wconf 84' lang='lat' dir='ltr'><strong>mitte</strong></span> <span class='ocrx_word' id='word_1_198' title='bbox 965 2403 1107 2481; x_wconf 79' lang='lat' dir='ltr'><strong>damam,</strong></span> <span class='ocrx_word' id='word_1_199' title='bbox 1130 2413 1159 2466; x_wconf 89' lang='lat' dir='ltr'><strong>et</strong></span> <span class='ocrx_word' id='word_1_200' title='bbox 1180 2426 1252 2466; x_wconf 86' lang='lat' dir='ltr'><strong>eam</strong></span> <span class='ocrx_word' id='word_1_201' title='bbox 1276 2404 1399 2486; x_wconf 86' lang='lat' dir='ltr'><strong>piscem</strong></span> 
     </span>
    </p>

    <p class='ocr_par' dir='ltr' id='par_1_12' title="bbox 252 2485 1399 2652">
     <span class='ocr_line' id='line_1_27' title="bbox 252 2485 1397 2574; baseline 0 -24"><span class='ocrx_word' id='word_1_202' title='bbox 252 2562 256 2568; x_wconf 24' lang='grc' dir='ltr'>ι</span> <span class='ocrx_word' id='word_1_203' title='bbox 278 2489 337 2574; x_wconf 81' lang='lat' dir='ltr'><strong>qai</strong></span> <span class='ocrx_word' id='word_1_204' title='bbox 353 2488 488 2571; x_wconf 84' lang='lat' dir='ltr'><strong>primas</strong></span> <span class='ocrx_word' id='word_1_205' title='bbox 511 2488 695 2552; x_wconf 84' lang='lat' dir='ltr'><strong>ascenderit</strong></span> <span class='ocrx_word' id='word_1_206' title='bbox 715 2485 789 2550; x_wconf 88' lang='lat' dir='ltr'><strong>tolle</strong></span> <span class='ocrx_word' id='word_1_207' title='bbox 811 2497 840 2550; x_wconf 91' lang='lat' dir='ltr'><strong>et</strong></span> <span class='ocrx_word' id='word_1_208' title='bbox 863 2496 973 2568; x_wconf 85' lang='lat' dir='ltr'><strong>aperto</strong></span> <span class='ocrx_word' id='word_1_209' title='bbox 987 2509 1049 2560; x_wconf 69' lang='lat' dir='ltr'><strong>vora</strong></span> <span class='ocrx_word' id='word_1_210' title='bbox 1070 2489 1140 2550; x_wconf 84' lang='lat' dir='ltr'><strong>sias</strong></span> <span class='ocrx_word' id='word_1_211' title='bbox 1162 2489 1309 2552; x_wconf 83' lang='lat' dir='ltr'><strong>invenies</strong></span> <span class='ocrx_word' id='word_1_212' title='bbox 1331 2495 1397 2551; x_wconf 78' lang='lat' dir='ltr'><strong>sta·</strong></span> 
     </span>
     <span class='ocr_line' id='line_1_28' title="bbox 279 2569 1399 2652; baseline 0 -18"><span class='ocrx_word' id='word_1_213' title='bbox 279 2573 416 2650; x_wconf 62' lang='lat' dir='ltr'><strong>theram</strong></span> <span class='ocrx_word' id='word_1_214' title='bbox 445 2569 538 2634; x_wconf 82' lang='lat' dir='ltr'><strong>illam</strong></span> <span class='ocrx_word' id='word_1_215' title='bbox 559 2593 699 2652; x_wconf 84' lang='lat' dir='ltr'><strong>sameas,</strong></span> <span class='ocrx_word' id='word_1_216' title='bbox 722 2571 768 2635; x_wconf 93' lang='lat' dir='ltr'><strong>da</strong></span> <span class='ocrx_word' id='word_1_217' title='bbox 790 2572 834 2634; x_wconf 86' lang='lat' dir='ltr'><strong>iis</strong></span> <span class='ocrx_word' id='word_1_218' title='bbox 854 2593 915 2652; x_wconf 83' lang='lat' dir='ltr'><strong>pro</strong></span> <span class='ocrx_word' id='word_1_219' title='bbox 938 2593 986 2634; x_wconf 86' lang='lat' dir='ltr'><strong>me</strong></span> <span class='ocrx_word' id='word_1_220' title='bbox 1008 2580 1037 2635; x_wconf 90' lang='lat' dir='ltr'><strong>st</strong></span> <span class='ocrx_word' id='word_1_221' title='bbox 1058 2581 1097 2636; x_wconf 88' lang='lat' dir='ltr'><strong>te.</strong></span> <span class='ocrx_word' id='word_1_222' title='bbox 1142 2570 1234 2651; x_wconf 74' lang='lat' dir='ltr'><strong>Quae</strong></span> <span class='ocrx_word' id='word_1_223' title='bbox 1257 2593 1331 2634; x_wconf 90' lang='lat' dir='ltr'><strong>cum</strong></span> <span class='ocrx_word' id='word_1_224' title='bbox 1352 2571 1399 2635; x_wconf 92' lang='lat' dir='ltr'><strong>ita</strong></span> 
     </span>
    </p>

    <p class='ocr_par' dir='ltr' id='par_1_13' title="bbox 151 2653 1399 2992">
     <span class='ocr_line' id='line_1_29' title="bbox 279 2653 1397 2741; baseline -0.001 -23"><span class='ocrx_word' id='word_1_225' title='bbox 279 2655 342 2720; x_wconf 92' lang='lat' dir='ltr'><strong>sint</strong></span> <span class='ocrx_word' id='word_1_226' title='bbox 368 2677 388 2718; x_wconf 90' lang='lat' dir='ltr'><strong>a</strong></span> <span class='ocrx_word' id='word_1_227' title='bbox 418 2654 489 2720; x_wconf 92' lang='lat' dir='ltr'><strong>Deo</strong></span> <span class='ocrx_word' id='word_1_228' title='bbox 522 2653 678 2741; x_wconf 87' lang='lat' dir='ltr'><strong>disposita</strong></span> <span class='ocrx_word' id='word_1_229' title='bbox 706 2663 738 2719; x_wconf 91' lang='lat' dir='ltr'><strong>et</strong></span> <span class='ocrx_word' id='word_1_230' title='bbox 766 2655 895 2740; x_wconf 87' lang='lat' dir='ltr'><strong>scriptis</strong></span> <span class='ocrx_word' id='word_1_231' title='bbox 925 2663 957 2718; x_wconf 91' lang='lat' dir='ltr'><strong>et</strong></span> <span class='ocrx_word' id='word_1_232' title='bbox 986 2653 1145 2740; x_wconf 90' lang='lat' dir='ltr'><strong>exemplis</strong></span> <span class='ocrx_word' id='word_1_233' title='bbox 1178 2654 1397 2740; x_wconf 88' lang='lat' dir='ltr'><strong>comprobata,</strong></span> 
     </span>
     <span class='ocr_line' id='line_1_30' title="bbox 278 2737 1399 2824; baseline 0 -22"><span class='ocrx_word' id='word_1_234' title='bbox 278 2760 384 2804; x_wconf 91' lang='lat' dir='ltr'><strong>nonne</strong></span> <span class='ocrx_word' id='word_1_235' title='bbox 398 2739 462 2804; x_wconf 91' lang='lat' dir='ltr'><strong>Dei</strong></span> <span class='ocrx_word' id='word_1_236' title='bbox 484 2737 677 2804; x_wconf 89' lang='lat' dir='ltr'><strong>ordinationi</strong></span> <span class='ocrx_word' id='word_1_237' title='bbox 695 2740 825 2820; x_wconf 89' lang='lat' dir='ltr'><strong>resistit,</strong></span> <span class='ocrx_word' id='word_1_238' title='bbox 850 2739 905 2824; x_wconf 90' lang='lat' dir='ltr'><strong>qui</strong></span> <span class='ocrx_word' id='word_1_239' title='bbox 919 2738 1131 2822; x_wconf 87' lang='lat' dir='ltr'><strong>potestatibus</strong></span> <span class='ocrx_word' id='word_1_240' title='bbox 1147 2737 1291 2802; x_wconf 80' lang='lat' dir='ltr'><strong>resistit?</strong></span> <span class='ocrx_word' id='word_1_241' title='bbox 1311 2737 1399 2824; x_wconf 89' lang='lat' dir='ltr'><strong>quali</strong></span> 
     </span>
     <span class='ocr_line' id='line_1_31' title="bbox 151 2821 1398 2908; baseline -0.003 -17"><span class='ocrx_word' id='word_1_242' title='bbox 151 2836 337 2891; x_wconf 66' lang='lat' dir='ltr'><strong>G⁸l·¹r⁸·ssess</strong></span> <span class='ocrx_word' id='word_1_243' title='bbox 365 2823 604 2888; x_wconf 91' lang='lat' dir='ltr'><strong>obaudiendum</strong></span> <span class='ocrx_word' id='word_1_244' title='bbox 637 2821 800 2908; x_wconf 88' lang='lat' dir='ltr'><strong>apostolus</strong></span> <span class='ocrx_word' id='word_1_245' title='bbox 827 2823 995 2906; x_wconf 88' lang='lat' dir='ltr'><strong>praecipit,</strong></span> <span class='ocrx_word' id='word_1_246' title='bbox 1030 2825 1159 2887; x_wconf 85' lang='lat' dir='ltr'><strong>etiamsi</strong></span> <span class='ocrx_word' id='word_1_247' title='bbox 1192 2821 1328 2907; x_wconf 75' lang='lat' dir='ltr'><strong>anpelas</strong></span> <span class='ocrx_word' id='word_1_248' title='bbox 1358 2823 1398 2887; x_wconf 90' lang='lat' dir='ltr'><strong>de</strong></span> 
     </span>
     <span class='ocr_line' id='line_1_32' title="bbox 279 2904 1397 2992; baseline 0 -21"><span class='ocrx_word' id='word_1_249' title='bbox 279 2907 366 2971; x_wconf 82' lang='lat' dir='ltr'><strong>caelo</strong></span> <span class='ocrx_word' id='word_1_250' title='bbox 380 2905 475 2972; x_wconf 83' lang='lat' dir='ltr'><strong>aliter</strong></span> <span class='ocrx_word' id='word_1_251' title='bbox 486 2931 585 2992; x_wconf 77' lang='lat' dir='ltr'><strong>qaam</strong></span> <span class='ocrx_word' id='word_1_252' title='bbox 597 2906 856 2992; x_wconf 68' lang='lat' dir='ltr'><strong>euangeliaatala</strong></span> <span class='ocrx_word' id='word_1_253' title='bbox 871 2907 1183 2990; x_wconf 81' lang='lat' dir='ltr'><strong>estpraedicaeerit.</strong></span> <span class='ocrx_word' id='word_1_254' title='bbox 1194 2947 1229 2954; x_wconf 98' lang='lat'><em>-</em></span> <span class='ocrx_word' id='word_1_255' title='bbox 1244 2904 1397 2989; x_wconf 82' lang='lat' dir='ltr'><strong>Quidam,</strong></span> 
     </span>
    </p>
   </div>
   <div class='ocr_carea' id='block_1_5' title="bbox 275 2988 1430 3896">
    <p class='ocr_par' dir='ltr' id='par_1_14' title="bbox 275 2988 1430 3896">
     <span class='ocr_line' id='line_1_33' title="bbox 277 2988 1430 3076; baseline 0.002 -23"><span class='ocrx_word' id='word_1_256' title='bbox 277 2991 414 3076; x_wconf 84' lang='lat' dir='ltr'><strong>inquit1,</strong></span> <span class='ocrx_word' id='word_1_257' title='bbox 436 2992 609 3055; x_wconf 73' lang='lat' dir='ltr'><strong>Romanas</strong></span> <span class='ocrx_word' id='word_1_258' title='bbox 625 2988 782 3076; x_wconf 77' lang='lat' dir='ltr'><strong>pontefeac</strong></span> <span class='ocrx_word' id='word_1_259' title='bbox 802 3012 909 3074; x_wconf 75' lang='lat' dir='ltr'><strong>sepem</strong></span> <span class='ocrx_word' id='word_1_260' title='bbox 930 2990 1136 3055; x_wconf 79' lang='lat' dir='ltr'><strong>Francorum</strong></span> <span class='ocrx_word' id='word_1_261' title='bbox 1157 3013 1226 3055; x_wconf 80' lang='lat' dir='ltr'><strong>aon</strong></span> <span class='ocrx_word' id='word_1_262' title='bbox 1247 3001 1311 3056; x_wconf 82' lang='lat' dir='ltr'><strong>tara</strong></span> <span class='ocrx_word' id='word_1_263' title='bbox 1330 3013 1396 3076; x_wconf 85' lang='lat' dir='ltr'><strong>pro</strong></span> <span class='ocrx_word' id='word_1_264' title='bbox 1429 3027 1430 3031; x_wconf 59' lang='lat'><em>=</em></span> 
     </span>
     <span class='ocr_line' id='line_1_34' title="bbox 277 3074 1398 3159; baseline 0.002 -21"><span class='ocrx_word' id='word_1_265' title='bbox 277 3075 420 3138; x_wconf 77' lang='lat' dir='ltr'><strong>saisisti</strong></span> <span class='ocrx_word' id='word_1_266' title='bbox 442 3074 610 3154; x_wconf 89' lang='lat' dir='ltr'><strong>aitatibas,</strong></span> <span class='ocrx_word' id='word_1_267' title='bbox 633 3095 730 3158; x_wconf 81' lang='lat' dir='ltr'><strong>qaam</strong></span> <span class='ocrx_word' id='word_1_268' title='bbox 747 3095 813 3156; x_wconf 81' lang='lat' dir='ltr'><strong>pro</strong></span> <span class='ocrx_word' id='word_1_269' title='bbox 836 3095 882 3152; x_wconf 88' lang='lat' dir='ltr'><strong>aa,</strong></span> <span class='ocrx_word' id='word_1_270' title='bbox 913 3074 1000 3159; x_wconf 78' lang='lat' dir='ltr'><strong>qaod</strong></span> <span class='ocrx_word' id='word_1_271' title='bbox 1021 3083 1133 3138; x_wconf 82' lang='lat' dir='ltr'><strong>tantae</strong></span> <span class='ocrx_word' id='word_1_272' title='bbox 1153 3077 1309 3158; x_wconf 81' lang='lat' dir='ltr'><strong>potestati</strong></span> <span class='ocrx_word' id='word_1_273' title='bbox 1330 3097 1398 3140; x_wconf 82' lang='lat' dir='ltr'><strong>aaa</strong></span> 
     </span>
     <span class='ocr_line' id='line_1_35' title="bbox 277 3096 1396 3304; baseline -0.001 -81"><span class='ocrx_word' id='word_1_274' title='bbox 277 3167 348 3223; x_wconf 86' lang='lat' dir='ltr'><strong>erat</strong></span> <span class='ocrx_word' id='word_1_275' title='bbox 369 3096 471 3238; x_wconf 74' lang='lat' dir='ltr'><strong>atidis,</strong></span> <span class='ocrx_word' id='word_1_276' title='bbox 495 3181 516 3220; x_wconf 92' lang='lat' dir='ltr'><strong>a</strong></span> <span class='ocrx_word' id='word_1_277' title='bbox 538 3181 572 3221; x_wconf 79' lang='lat' dir='ltr'><strong>se</strong></span> <span class='ocrx_word' id='word_1_278' title='bbox 597 3181 639 3222; x_wconf 85' lang='lat' dir='ltr'><strong>ao</strong></span> <span class='ocrx_word' id='word_1_279' title='bbox 661 3159 821 3304; x_wconf 73' lang='lat' dir='ltr'><strong>deposuit.</strong></span> <span class='ocrx_word' id='word_1_280' title='bbox 864 3157 1019 3243; x_wconf 85' lang='lat' dir='ltr'><strong>Superius</strong></span> <span class='ocrx_word' id='word_1_281' title='bbox 1042 3157 1173 3244; x_wconf 89' lang='lat' dir='ltr'><strong>quidem</strong></span> <span class='ocrx_word' id='word_1_282' title='bbox 1195 3159 1316 3222; x_wconf 90' lang='lat' dir='ltr'><strong>dictum</strong></span> <span class='ocrx_word' id='word_1_283' title='bbox 1339 3167 1396 3240; x_wconf 89' lang='lat' dir='ltr'><strong>est,</strong></span> 
     </span>
     <span class='ocr_line' id='line_1_36' title="bbox 277 3182 1397 3324; baseline 0 -18"><span class='ocrx_word' id='word_1_284' title='bbox 277 3253 310 3307; x_wconf 89' lang='lat' dir='ltr'><strong>et</strong></span> <span class='ocrx_word' id='word_1_285' title='bbox 341 3262 416 3306; x_wconf 90' lang='lat' dir='ltr'><strong>vere</strong></span> <span class='ocrx_word' id='word_1_286' title='bbox 448 3242 541 3305; x_wconf 83' lang='lat' dir='ltr'><strong>iuxta</strong></span> <span class='ocrx_word' id='word_1_287' title='bbox 571 3182 667 3306; x_wconf 71' lang='lat' dir='ltr'><strong>[idem</strong></span> <span class='ocrx_word' id='word_1_288' title='bbox 722 3241 905 3306; x_wconf 90' lang='lat' dir='ltr'><strong>istoriarum</strong></span> <span class='ocrx_word' id='word_1_289' title='bbox 937 3241 1061 3306; x_wconf 89' lang='lat' dir='ltr'><strong>dictum</strong></span> <span class='ocrx_word' id='word_1_290' title='bbox 1102 3252 1168 3324; x_wconf 90' lang='lat' dir='ltr'><strong>est,</strong></span> <span class='ocrx_word' id='word_1_291' title='bbox 1205 3242 1397 3306; x_wconf 88' lang='lat' dir='ltr'><strong>Zachariam</strong></span> 
     </span>
     <span class='ocr_line' id='line_1_37' title="bbox 276 3324 1398 3412; baseline 0 -22"><span class='ocrx_word' id='word_1_292' title='bbox 276 3347 395 3412; x_wconf 89' lang='lat' dir='ltr'><strong>papam</strong></span> <span class='ocrx_word' id='word_1_293' title='bbox 423 3327 584 3390; x_wconf 90' lang='lat' dir='ltr'><strong>communi</strong></span> <span class='ocrx_word' id='word_1_294' title='bbox 612 3325 796 3410; x_wconf 91' lang='lat' dir='ltr'><strong>principum</strong></span> <span class='ocrx_word' id='word_1_295' title='bbox 821 3324 861 3389; x_wconf 91' lang='lat' dir='ltr'><strong>de</strong></span> <span class='ocrx_word' id='word_1_296' title='bbox 890 3347 990 3410; x_wconf 89' lang='lat' dir='ltr'><strong>regno</strong></span> <span class='ocrx_word' id='word_1_297' title='bbox 1019 3326 1219 3390; x_wconf 83' lang='lat' dir='ltr'><strong>Francorum</strong></span> <span class='ocrx_word' id='word_1_298' title='bbox 1244 3325 1398 3412; x_wconf 86' lang='lat' dir='ltr'><strong>legationi</strong></span> 
     </span>
     <span class='ocr_line' id='line_1_38' title="bbox 276 3409 1397 3495; baseline 0.001 -21"><span class='ocrx_word' id='word_1_299' title='bbox 276 3431 470 3488; x_wconf 85' lang='lat' dir='ltr'><strong>consensum</strong></span> <span class='ocrx_word' id='word_1_300' title='bbox 491 3410 688 3495; x_wconf 88' lang='lat' dir='ltr'><strong>praebuisse,</strong></span> <span class='ocrx_word' id='word_1_301' title='bbox 712 3410 766 3495; x_wconf 91' lang='lat' dir='ltr'><strong>qui</strong></span> <span class='ocrx_word' id='word_1_302' title='bbox 788 3409 1006 3490; x_wconf 86' lang='lat' dir='ltr'><strong>decreverant,</strong></span> <span class='ocrx_word' id='word_1_303' title='bbox 1028 3431 1088 3494; x_wconf 92' lang='lat' dir='ltr'><strong>pro</strong></span> <span class='ocrx_word' id='word_1_304' title='bbox 1109 3409 1286 3492; x_wconf 89' lang='lat' dir='ltr'><strong>Hilderico,</strong></span> <span class='ocrx_word' id='word_1_305' title='bbox 1309 3431 1328 3474; x_wconf 88' lang='lat' dir='ltr'><strong>a</strong></span> <span class='ocrx_word' id='word_1_306' title='bbox 1352 3411 1397 3475; x_wconf 90' lang='lat' dir='ltr'><strong>ud</strong></span> 
     </span>
     <span class='ocr_line' id='line_1_39' title="bbox 275 3433 1396 3580; baseline 0 -22"><span class='ocrx_word' id='word_1_307' title='bbox 275 3516 373 3580; x_wconf 87' lang='lat' dir='ltr'><strong>quem</strong></span> <span class='ocrx_word' id='word_1_308' title='bbox 401 3491 489 3558; x_wconf 90' lang='lat' dir='ltr'><strong>nulla</strong></span> <span class='ocrx_word' id='word_1_309' title='bbox 510 3493 561 3558; x_wconf 90' lang='lat' dir='ltr'><strong>vel</strong></span> <span class='ocrx_word' id='word_1_310' title='bbox 583 3495 672 3578; x_wconf 87' lang='lat' dir='ltr'><strong>regia</strong></span> <span class='ocrx_word' id='word_1_311' title='bbox 693 3501 834 3578; x_wconf 87' lang='lat' dir='ltr'><strong>potestas</strong></span> <span class='ocrx_word' id='word_1_312' title='bbox 855 3492 908 3558; x_wconf 87' lang='lat' dir='ltr'><strong>vel</strong></span> <span class='ocrx_word' id='word_1_313' title='bbox 928 3495 1017 3579; x_wconf 88' lang='lat' dir='ltr'><strong>regia</strong></span> <span class='ocrx_word' id='word_1_314' title='bbox 1039 3493 1191 3578; x_wconf 86' lang='lat' dir='ltr'><strong>dignitas,</strong></span> <span class='ocrx_word' id='word_1_315' title='bbox 1214 3496 1270 3560; x_wconf 89' lang='lat' dir='ltr'><strong>sed</strong></span> <span class='ocrx_word' id='word_1_316' title='bbox 1293 3433 1396 3559; x_wconf 80' lang='lat' dir='ltr'><strong>solum</strong></span> 
     </span>
     <span class='ocr_line' id='line_1_40' title="bbox 275 3577 1395 3662; baseline 0.002 -22"><span class='ocrx_word' id='word_1_317' title='bbox 275 3579 401 3662; x_wconf 89' lang='lat' dir='ltr'><strong>regium</strong></span> <span class='ocrx_word' id='word_1_318' title='bbox 422 3599 540 3642; x_wconf 91' lang='lat' dir='ltr'><strong>nomen</strong></span> <span class='ocrx_word' id='word_1_319' title='bbox 561 3587 639 3660; x_wconf 90' lang='lat' dir='ltr'><strong>erat,</strong></span> <span class='ocrx_word' id='word_1_320' title='bbox 662 3577 794 3662; x_wconf 89' lang='lat' dir='ltr'><strong>dignam</strong></span> <span class='ocrx_word' id='word_1_321' title='bbox 814 3579 848 3641; x_wconf 93' lang='lat' dir='ltr'><strong>in</strong></span> <span class='ocrx_word' id='word_1_322' title='bbox 870 3599 970 3662; x_wconf 88' lang='lat' dir='ltr'><strong>regno</strong></span> <span class='ocrx_word' id='word_1_323' title='bbox 992 3599 1163 3662; x_wconf 84' lang='lat' dir='ltr'><strong>personam</strong></span> <span class='ocrx_word' id='word_1_324' title='bbox 1192 3582 1395 3656; x_wconf 90' lang='lat' dir='ltr'><strong>constituere,</strong></span> 
     </span>
     <span class='ocr_line' id='line_1_41' title="bbox 275 3660 1395 3746; baseline -0.004 -19"><span class='ocrx_word' id='word_1_325' title='bbox 275 3671 309 3727; x_wconf 90' lang='lat' dir='ltr'><strong>et</strong></span> <span class='ocrx_word' id='word_1_326' title='bbox 323 3671 358 3726; x_wconf 91' lang='lat' dir='ltr'><strong>ut</strong></span> <span class='ocrx_word' id='word_1_327' title='bbox 373 3663 476 3726; x_wconf 92' lang='lat' dir='ltr'><strong>omnis</strong></span> <span class='ocrx_word' id='word_1_328' title='bbox 490 3660 608 3727; x_wconf 88' lang='lat' dir='ltr'><strong>exhinc</strong></span> <span class='ocrx_word' id='word_1_329' title='bbox 630 3662 757 3726; x_wconf 90' lang='lat' dir='ltr'><strong>occasio</strong></span> <span class='ocrx_word' id='word_1_330' title='bbox 778 3660 933 3726; x_wconf 89' lang='lat' dir='ltr'><strong>tumultus</strong></span> <span class='ocrx_word' id='word_1_331' title='bbox 954 3660 1090 3746; x_wconf 90' lang='lat' dir='ltr'><strong>abesset,</strong></span> <span class='ocrx_word' id='word_1_332' title='bbox 1112 3663 1306 3728; x_wconf 88' lang='lat' dir='ltr'><strong>monasterio</strong></span> <span class='ocrx_word' id='word_1_333' title='bbox 1322 3683 1395 3724; x_wconf 91' lang='lat' dir='ltr'><strong>eum</strong></span> 
     </span>
     <span class='ocr_line' id='line_1_42' title="bbox 275 3743 1397 3896; baseline 0.001 -88"><span class='ocrx_word' id='word_1_334' title='bbox 275 3747 493 3832; x_wconf 80' lang='lat' dir='ltr'><strong>mancipare²,</strong></span> <span class='ocrx_word' id='word_1_335' title='bbox 520 3767 579 3832; x_wconf 93' lang='lat' dir='ltr'><strong>pro</strong></span> <span class='ocrx_word' id='word_1_336' title='bbox 609 3767 647 3810; x_wconf 89' lang='lat' dir='ltr'><strong>eo</strong></span> <span class='ocrx_word' id='word_1_337' title='bbox 676 3745 764 3832; x_wconf 91' lang='lat' dir='ltr'><strong>quod</strong></span> <span class='ocrx_word' id='word_1_338' title='bbox 784 3743 955 3809; x_wconf 83' lang='lat' dir='ltr'><strong>videbatur</strong></span> <span class='ocrx_word' id='word_1_339' title='bbox 980 3745 1078 3812; x_wconf 71' lang='lat' dir='ltr'><strong>fixisse</strong></span> <span class='ocrx_word' id='word_1_340' title='bbox 1100 3747 1228 3896; x_wconf 68' lang='lat' dir='ltr'><strong>dignior</strong></span> <span class='ocrx_word' id='word_1_341' title='bbox 1250 3747 1397 3809; x_wconf 89' lang='lat' dir='ltr'><strong>coronari</strong></span> 
     </span>
    </p>
   </div>
   <div class='ocr_carea' id='block_1_6' title="bbox 275 3828 1395 3916">
    <p class='ocr_par' dir='ltr' id='par_1_15' title="bbox 275 3828 1395 3916">
     <span class='ocr_line' id='line_1_43' title="bbox 275 3828 1395 3916; baseline -0.002 -22"><span class='ocrx_word' id='word_1_342' title='bbox 275 3838 408 3894; x_wconf 90' lang='lat' dir='ltr'><strong>tonsura</strong></span> <span class='ocrx_word' id='word_1_343' title='bbox 434 3829 584 3894; x_wconf 90' lang='lat' dir='ltr'><strong>monachi</strong></span> <span class='ocrx_word' id='word_1_344' title='bbox 612 3851 708 3916; x_wconf 91' lang='lat' dir='ltr'><strong>quam</strong></span> <span class='ocrx_word' id='word_1_345' title='bbox 736 3829 826 3914; x_wconf 91' lang='lat' dir='ltr'><strong>regio</strong></span> <span class='ocrx_word' id='word_1_346' title='bbox 856 3828 1046 3896; x_wconf 90' lang='lat' dir='ltr'><strong>diademate.</strong></span> <span class='ocrx_word' id='word_1_347' title='bbox 1091 3832 1133 3896; x_wconf 88' lang='lat' dir='ltr'><strong>Se</strong></span> <span class='ocrx_word' id='word_1_348' title='bbox 1184 3829 1285 3894; x_wconf 86' lang='lat' dir='ltr'><strong>nostri</strong></span> <span class='ocrx_word' id='word_1_349' title='bbox 1316 3835 1395 3893; x_wconf 90' lang='lat' dir='ltr'><strong>tem-</strong></span> 
     </span>
    </p>
   </div>
   <div class='ocr_carea' id='block_1_7' title="bbox 274 3914 1396 4250">
    <p class='ocr_par' dir='ltr' id='par_1_16' title="bbox 274 3914 1396 4250">
     <span class='ocr_line' id='line_1_44' title="bbox 276 3914 1395 4000; baseline -0.001 -22"><span class='ocrx_word' id='word_1_350' title='bbox 276 3914 365 4000; x_wconf 91' lang='lat' dir='ltr'><strong>poris</strong></span> <span class='ocrx_word' id='word_1_351' title='bbox 386 3936 446 3979; x_wconf 88' lang='lat' dir='ltr'><strong>rex</strong></span> <span class='ocrx_word' id='word_1_352' title='bbox 467 3923 499 3978; x_wconf 93' lang='lat' dir='ltr'><strong>et</strong></span> <span class='ocrx_word' id='word_1_353' title='bbox 520 3915 703 4000; x_wconf 90' lang='lat' dir='ltr'><strong>imperator,</strong></span> <span class='ocrx_word' id='word_1_354' title='bbox 725 3921 819 3978; x_wconf 90' lang='lat' dir='ltr'><strong>natus</strong></span> <span class='ocrx_word' id='word_1_355' title='bbox 842 3923 874 3978; x_wconf 88' lang='lat' dir='ltr'><strong>et</strong></span> <span class='ocrx_word' id='word_1_356' title='bbox 894 3916 1031 3980; x_wconf 91' lang='lat' dir='ltr'><strong>nutritus</strong></span> <span class='ocrx_word' id='word_1_357' title='bbox 1052 3915 1086 3977; x_wconf 92' lang='lat' dir='ltr'><strong>in</strong></span> <span class='ocrx_word' id='word_1_358' title='bbox 1107 3935 1217 3998; x_wconf 89' lang='lat' dir='ltr'><strong>regno,</strong></span> <span class='ocrx_word' id='word_1_359' title='bbox 1240 3921 1395 3998; x_wconf 89' lang='lat' dir='ltr'><strong>quantum</strong></span> 
     </span>
     <span class='ocr_line' id='line_1_45' title="bbox 274 3996 1394 4085; baseline 0.001 -23"><span class='ocrx_word' id='word_1_360' title='bbox 274 4007 399 4082; x_wconf 88' lang='lat' dir='ltr'><strong>spectat</strong></span> <span class='ocrx_word' id='word_1_361' title='bbox 412 3998 455 4062; x_wconf 90' lang='lat' dir='ltr'><strong>ad</strong></span> <span class='ocrx_word' id='word_1_362' title='bbox 468 3996 644 4065; x_wconf 90' lang='lat' dir='ltr'><strong>humanum</strong></span> <span class='ocrx_word' id='word_1_363' title='bbox 658 3997 824 4078; x_wconf 89' lang='lat' dir='ltr'><strong>iudicium,</strong></span> <span class='ocrx_word' id='word_1_364' title='bbox 840 3997 956 4081; x_wconf 90' lang='lat' dir='ltr'><strong>dignus</strong></span> <span class='ocrx_word' id='word_1_365' title='bbox 972 3998 1102 4085; x_wconf 88' lang='lat' dir='ltr'><strong>quidam</strong></span> <span class='ocrx_word' id='word_1_366' title='bbox 1117 3996 1246 4062; x_wconf 86' lang='lat' dir='ltr'><strong>videtur</strong></span> <span class='ocrx_word' id='word_1_367' title='bbox 1259 3997 1394 4082; x_wconf 87' lang='lat' dir='ltr'><strong>imperio</strong></span> 
     </span>
     <span class='ocr_line' id='line_1_46' title="bbox 276 4082 1396 4168; baseline 0.001 -22"><span class='ocrx_word' id='word_1_368' title='bbox 276 4103 350 4146; x_wconf 92' lang='lat' dir='ltr'><strong>cum</strong></span> <span class='ocrx_word' id='word_1_369' title='bbox 372 4105 414 4146; x_wconf 89' lang='lat' dir='ltr'><strong>ex</strong></span> <span class='ocrx_word' id='word_1_370' title='bbox 434 4084 566 4168; x_wconf 91' lang='lat' dir='ltr'><strong>propria</strong></span> <span class='ocrx_word' id='word_1_371' title='bbox 587 4083 703 4148; x_wconf 87' lang='lat' dir='ltr'><strong>virtute</strong></span> <span class='ocrx_word' id='word_1_372' title='bbox 724 4092 793 4146; x_wconf 92' lang='lat' dir='ltr'><strong>tum</strong></span> <span class='ocrx_word' id='word_1_373' title='bbox 815 4103 857 4144; x_wconf 90' lang='lat' dir='ltr'><strong>ex</strong></span> <span class='ocrx_word' id='word_1_374' title='bbox 879 4083 1036 4146; x_wconf 87' lang='lat' dir='ltr'><strong>maiorum</strong></span> <span class='ocrx_word' id='word_1_375' title='bbox 1063 4102 1194 4145; x_wconf 90' lang='lat' dir='ltr'><strong>suorum</strong></span> <span class='ocrx_word' id='word_1_376' title='bbox 1223 4082 1337 4147; x_wconf 91' lang='lat' dir='ltr'><strong>merito</strong></span> <span class='ocrx_word' id='word_1_377' title='bbox 1363 4093 1396 4147; x_wconf 91' lang='lat' dir='ltr'><strong>et</strong></span> 
     </span>
     <span class='ocr_line' id='line_1_47' title="bbox 274 4163 1394 4250; baseline 0 -20"><span class='ocrx_word' id='word_1_378' title='bbox 274 4165 440 4249; x_wconf 86' lang='lat' dir='ltr'><strong>dignitate.</strong></span> <span class='ocrx_word' id='word_1_379' title='bbox 472 4166 625 4232; x_wconf 82' lang='lat' dir='ltr'><strong>Conferte</strong></span> <span class='ocrx_word' id='word_1_380' title='bbox 639 4187 735 4249; x_wconf 92' lang='lat' dir='ltr'><strong>nunc,</strong></span> <span class='ocrx_word' id='word_1_381' title='bbox 759 4166 786 4229; x_wconf 91' lang='lat' dir='ltr'><strong>si</strong></span> <span class='ocrx_word' id='word_1_382' title='bbox 800 4163 918 4250; x_wconf 86' lang='lat' dir='ltr'><strong>placet,</strong></span> <span class='ocrx_word' id='word_1_383' title='bbox 939 4164 1028 4230; x_wconf 92' lang='lat' dir='ltr'><strong>illum</strong></span> <span class='ocrx_word' id='word_1_384' title='bbox 1045 4163 1275 4230; x_wconf 87' lang='lat' dir='ltr'><strong>exheredatum</strong></span> <span class='ocrx_word' id='word_1_385' title='bbox 1297 4167 1394 4230; x_wconf 87' lang='lat' dir='ltr'><strong>totius</strong></span> 
     </span>
    </p>
   </div>
   <div class='ocr_carea' id='block_1_8' title="bbox 278 4347 1394 4416">
    <p class='ocr_par' dir='ltr' id='par_1_17' title="bbox 278 4347 1394 4416">
     <span class='ocr_line' id='line_1_48' title="bbox 278 4347 1394 4416; baseline 0.002 -20"><span class='ocrx_word' id='word_1_386' title='bbox 278 4347 306 4414; x_wconf 86' lang='lat'><strong>1)</strong></span> <span class='ocrx_word' id='word_1_387' title='bbox 326 4348 396 4400; x_wconf 78' lang='lat' dir='ltr'><strong>Jaffs</strong></span> <span class='ocrx_word' id='word_1_388' title='bbox 416 4348 435 4401; x_wconf 90' lang='lat' dir='ltr'><strong>l.</strong></span> <span class='ocrx_word' id='word_1_389' title='bbox 451 4365 472 4400; x_wconf 91' lang='lat' dir='ltr'><strong>c.</strong></span> <span class='ocrx_word' id='word_1_390' title='bbox 492 4367 519 4416; x_wconf 90' lang='lat' dir='ltr'><strong>p.</strong></span> <span class='ocrx_word' id='word_1_391' title='bbox 533 4348 595 4400; x_wconf 82' lang='lat'>458.</span> <span class='ocrx_word' id='word_1_392' title='bbox 643 4348 672 4415; x_wconf 83' lang='lat'><strong>2)</strong></span> <span class='ocrx_word' id='word_1_393' title='bbox 694 4349 734 4400; x_wconf 82' lang='lat' dir='ltr'><strong>cf.</strong></span> <span class='ocrx_word' id='word_1_394' title='bbox 754 4349 824 4400; x_wconf 81' lang='lat' dir='ltr'><strong>Aen.</strong></span> <span class='ocrx_word' id='word_1_395' title='bbox 838 4349 918 4399; x_wconf 89' lang='lat' dir='ltr'><strong>Einh.</strong></span> <span class='ocrx_word' id='word_1_396' title='bbox 938 4364 964 4397; x_wconf 85' lang='lat' dir='ltr'><strong>a.</strong></span> <span class='ocrx_word' id='word_1_397' title='bbox 980 4347 1041 4398; x_wconf 78' lang='lat'><strong>750.</strong></span> <span class='ocrx_word' id='word_1_398' title='bbox 1063 4353 1089 4398; x_wconf 88' lang='lat' dir='ltr'><strong>et</strong></span> <span class='ocrx_word' id='word_1_399' title='bbox 1108 4349 1177 4401; x_wconf 84' lang='lat' dir='ltr'><strong>Ann.</strong></span> <span class='ocrx_word' id='word_1_400' title='bbox 1190 4349 1270 4400; x_wconf 85' lang='lat' dir='ltr'><strong>Fuld.</strong></span> <span class='ocrx_word' id='word_1_401' title='bbox 1291 4365 1315 4400; x_wconf 87' lang='lat' dir='ltr'><strong>a.</strong></span> <span class='ocrx_word' id='word_1_402' title='bbox 1331 4347 1394 4398; x_wconf 74' lang='grc'><strong>752.</strong></span> 
     </span>
    </p>
   </div>
   <div class='ocr_carea' id='block_1_9' title="bbox 0 0 1562 4822">
    <p class='ocr_par' dir='ltr' id='par_1_18' title="bbox 0 0 1562 4822">
     <span class='ocr_line' id='line_1_49' title="bbox 0 0 1562 4822; baseline 0 3"><span class='ocrx_word' id='word_1_403' title='bbox 0 0 1562 4822; x_wconf 95' lang='lat' dir='ltr'><strong> </strong></span> 
     </span>
    </p>
   </div>
  </div>
 </body>
</html>
