3098 4818
273 377 308 426 14
564 376 685 427 BRUNO
703 375 754 425 DE
772 375 892 425 BELLO
911 373 1099 425 saxonico.

194 553 259 594 ¹⁰⁷³·
270 541 412 608 fidelium
433 543 556 642 recepit
575 540 823 606 multitudinem.
866 541 946 605 Inde
971 549 1083 604 natum
1104 537 1309 624 proverbium
1330 562 1390 625 per

270 636 371 691 totam
400 627 576 692 Saxomam
609 626 806 711 divulgatur:
861 625 927 690 uod
953 646 1037 687 unus
1067 622 1156 688 Saxo
1185 625 1390 708 septuaginta

271 711 385 776 Suavis
407 723 539 792 ematur,
560 708 613 774 vel
627 711 831 795 septuaginta
839 649 944 774 (buevi
957 728 1021 771 uno
1037 706 1167 772 Saxone
1180 707 1389 771 redimantur.

355 797 407 860 22.
449 795 502 859 Dc
522 795 627 858 reditu
641 794 734 858 ducis
748 794 880 878 Magni¹
904 800 1024 879 quanta
1036 790 1171 856 fuissent
1185 793 1272 856 omni
1287 791 1389 855 Saxo·

270 881 343 942 niae
371 878 506 963 gaudia,
536 877 684 941 Tulliana
711 899 776 942 non
803 887 914 963 posset
940 874 1103 962 explicare
1131 875 1296 939 facundia:
1323 897 1390 938 non

270 963 373 1046 magis
402 962 442 1026 de
470 961 524 1025 illo
552 961 738 1047 gauderent,
768 962 796 1024 si
824 982 898 1024 eum
924 983 944 1024 a
972 970 1074 1024 morte
1094 959 1277 1024 redivivum
1298 980 1390 1022 acce-

270 1048 402 1132 pissent.
439 1046 568 1126 Quanto
590 1068 665 1110 eum
687 1067 722 1108 se
744 1067 886 1130 unquam
914 1045 1024 1108 vivum
1045 1045 1172 1107 visuros
1199 1042 1256 1106 des
1280 1065 1389 1107 erave-

269 1140 352 1211 rant,
374 1139 463 1194 tanto
486 1151 559 1193 eum
581 1129 727 1194 videntes
749 1129 859 1192 vivum
880 1131 1001 1192 maiore
1018 1126 1140 1192 laetitia
1153 1127 1239 1212 tripu
1264 1125 1388 1208 'abant3

270 1235 331 1278 nee
354 1213 457 1276 solum
479 1215 529 1277 sui
550 1213 602 1278 vel
623 1214 752 1296 cognati
772 1211 826 1276 vel
848 1211 979 1276 clientes
1000 1212 1068 1276 eius
1087 1210 1127 1276 de
1142 1211 1244 1275 salute
1257 1209 1390 1296 plaude-

270 1297 359 1377 bant,
381 1297 438 1361 sed
460 1299 563 1360 omnis
586 1298 715 1360 omnino
737 1295 876 1381 populus
898 1297 1108 1380 omnipotenti
1129 1296 1211 1376 Deo,
1237 1296 1390 1380 quicum

271 1379 459 1445 mirabiliter
472 1379 630 1458 liberavit,
652 1379 764 1444 landes
778 1381 971 1444 unanimiter
984 1378 1147 1444 reddebat.
1184 1379 1288 1459 Quem
1303 1379 1389 1443 enim

270 1474 405 1550 patruus
426 1487 504 1528 suus
525 1461 750 1529 inaestimabili
770 1463 975 1548 praediorum
997 1465 1066 1527 sive
1086 1465 1296 1548 pecuniarum
1317 1483 1389 1548 pre-

270 1549 316 1612 tio
338 1546 495 1612 redimere
515 1570 580 1611 non
602 1546 710 1628 valuit,
736 1547 821 1610 hune
843 1547 953 1612 divina
973 1548 1076 1632 pietas
1098 1547 1264 1626 eomodo,
1293 1567 1390 1631 quem

271 1630 411 1694 humana
442 1631 613 1716 prudentia
643 1652 819 1716 numquam
851 1642 962 1717 posset
993 1631 1196 1714 excogitare,
1232 1629 1389 1694 liberavit.

270 1715 386 1800 Itaque
407 1713 505 1778 nichil
527 1718 593 1780 fere
614 1716 679 1778 iam
700 1715 835 1780 sonabat
856 1737 899 1779 ex
920 1737 975 1779 ore
996 1715 1095 1778 totius
1118 1715 1289 1794 Saxoniae,
1310 1714 1389 1776 nisi:

272 1798 354 1862 ‘Deo
383 1799 503 1884 gratias
530 1799 571 1864 de
600 1799 712 1884 Magni
739 1799 830 1862 ducis
858 1797 1050 1863 ammirabili
1075 1797 1263 1863 liberatione
1271 1798 1288 1858 i’
1337 1796 1390 1860 Illi

272 1883 327 1969 qui
349 1905 524 1968 numquam
540 1905 613 1947 eum
627 1883 782 1963 viderant,
827 1904 863 1945 ro
878 1885 946 1947 eius
961 1882 1124 1967 ereptione
1138 1904 1203 1946 nou
1217 1883 1356 1944 minores
1365 1891 1389 1962 ¹,
1406 1919 1411 1926 ·

272 1989 370 2115 quaqn
399 1967 426 2030 si
455 1967 495 2032 de
522 1968 592 2030 eius
619 1989 736 2052 genere
766 1905 825 2030 vel
845 1965 966 2030 familia
993 1965 1137 2048 fuissent,
1169 1965 1242 2030 Deo
1266 1965 1389 2050 gratias

271 2059 419 2115 aeaut.

222 2169 261 2198 un.
291 2073 313 2136 g
356 2135 407 2198 23.
449 2133 576 2199 Deinde
598 2155 672 2196 curn
689 2135 873 2218 principum
888 2133 1044 2197 festivitas
1058 2132 1286 2220 apostolorum,
1301 2131 1390 2196 Petri

271 2216 420 2283 videlicet
450 2228 482 2282 et
502 2216 604 2298 Pauli,
630 2219 870 2314 propinquaret,
898 2218 1063 2302 praecepit
1083 2240 1151 2298 rex,
1181 2226 1217 2280 ut
1238 2216 1390 2280 universa

271 2301 374 2385 princi
398 2323 454 2364 um
482 2300 642 2364 saxoniae
670 2300 841 2365 multitudo
870 2299 1050 2366 Goslariam
1076 2303 1270 2382 conveniret,
1297 2310 1333 2364 ut
1361 2300 1389 2362 si

272 2383 351 2470 quid
375 2324 417 2448 de
446 2384 669 2448 communibus
698 2386 789 2470 regni
816 2385 952 2470 negotiis
973 2385 1027 2470 agi
1047 2385 1181 2470 dignum
1202 2393 1388 2470 emergeret,

270 2467 332 2531 hoc
353 2467 423 2553 ipse
446 2469 608 2532 communi
628 2469 811 2554 principum
833 2467 966 2533 consilio
981 2478 1140 2533 tractaret.
1177 2467 1299 2533 Omnes
1313 2466 1390 2531 illuc

271 2549 392 2615 alacres
413 2551 616 2634 festinabant,
638 2554 714 2637 quia
735 2551 962 2633 calamitatum,
985 2575 1066 2638 quas
1082 2553 1225 2617 Saxonis
1245 2554 1310 2614 iam
1332 2551 1389 2614 diu

165 2655 216 2698 run.
226 2658 262 2701 as.
272 2634 437 2719 tolerabat,
459 2635 598 2783 aliquem
621 2638 791 2701 terminum
804 2637 872 2701 fore
886 2635 1067 2720 sperabant.
1103 2637 1206 2722 Igitur
1219 2637 1390 2699 festivitate

272 2718 439 2784 celebriter
470 2742 507 2784 ce
520 2721 642 2802 ebrata,
676 2743 749 2785 eum
779 2720 847 2784 dies
876 2721 917 2785 ad
950 2743 1065 2784 causas
1096 2719 1237 2806 agendas
1270 2727 1389 2784 statuta

270 2805 419 2886 venisset,
446 2805 589 2891 episcopi
611 2805 710 2869 duces
732 2805 865 2869 comites
887 2805 1047 2890 ceterique
1068 2803 1111 2868 ad
1132 2803 1288 2890 palatium
1309 2801 1389 2866 dilu-

271 2886 344 2951 culo
366 2889 469 2986 primo
493 2898 745 2974 congregantur3
774 2887 885 2974 ibique
907 2887 1063 2969 sedentes,
1086 2889 1189 2952 donec
1210 2886 1252 2950 ad
1273 2909 1308 2951 se
1329 2908 1388 2950 rex

271 2971 452 3056 egrediatur
473 2971 524 3036 vel
544 2972 586 3035 ad
608 2995 642 3036 se
663 2971 773 3036 iubeat
794 2993 848 3036 eos
862 2973 990 3052 intrare,
1012 2973 1227 3058 nequicquam
1242 2970 1390 3057 operiun-

270 3065 332 3119 tur.
374 3054 457 3117 Nam
488 3054 540 3119 ille
570 3053 684 3119 cubilis
714 3057 763 3120 sui
789 3053 912 3119 foribus
945 3055 1076 3138 clausis,
1109 3057 1194 3121 intus
1222 3077 1296 3118 cum
1322 3054 1389 3118 suis

270 3139 421 3223 parasitis
438 3137 519 3202 'aleis
541 3137 593 3202 vel
615 3140 729 3203 ceteris
749 3140 844 3204 rebus
867 3140 1044 3225 nugatoriis
1067 3161 1197 3224 operam
1222 3138 1330 3218 dabat,
1357 3147 1389 3203 et

270 3231 318 3286 tot
338 3243 391 3285 ma
437 3243 473 3286 os
494 3222 638 3286 homines
659 3222 702 3286 ad
723 3243 813 3287 suam
834 3224 964 3288 mnuam
985 3223 1157 3306 excubare,
1187 3223 1280 3309 quasi
1300 3243 1389 3284 mau-

272 3306 357 3391 eipia
371 3244 537 3390 vileima
558 3304 689 3370 nichilib
704 3307 875 3394 pendebat.
911 3308 994 3372 Tota
1015 3306 1084 3371 dies
1098 3305 1153 3372 illa
1166 3306 1306 3388 transiit,
1328 3326 1388 3369 nee

270 3390 340 3475 ipse
367 3413 428 3455 nec
456 3389 572 3477 aliquis
601 3413 678 3455 vera
705 3402 836 3477 portans
857 3393 988 3456 nuntius
1010 3391 1052 3455 ad
1074 3413 1128 3455 eos
1151 3391 1261 3455 exivit.
1305 3387 1388 3453 Cum

270 3474 335 3537 iam
364 3496 431 3538 nox
459 3475 546 3540 facta
575 3475 695 3556 fuisset,
729 3475 861 3561 quidam
892 3475 932 3539 de
959 3476 1108 3561 parasitis
1138 3476 1207 3539 eius
1229 3495 1388 3558 egressus,

271 3559 471 3644 principibus
500 3560 639 3622 irrisorie
666 3559 766 3640 dixit,
801 3559 955 3644 quamdiu
981 3559 1027 3622 ibi
1055 3556 1172 3623 vellent
1205 3567 1387 3643 expectare,

272 3663 346 3704 cum
367 3663 427 3705 rex
448 3665 507 3728 per
528 3642 625 3705 aliam
646 3643 774 3706 mnuam
796 3664 952 3727 egressus,
974 3642 1016 3706 ad
1030 3641 1142 3706 urbem
1159 3651 1270 3706 suam²
1285 3638 1389 3704 veloci

272 3745 367 3788 cursu
393 3725 602 3810 properaret?
644 3725 695 3789 lbi
716 3735 790 3789 sunt
811 3738 943 3789 omnesc
963 3725 1044 3790 adeo
1066 3726 1195 3808 turbati,
1223 3725 1279 3823 qui
1300 3733 1388 3787 tanto

270 3807 396 3872 fuerant
427 3808 527 3872 habiti
554 3831 575 3872 a
602 3810 687 3893 regis
720 3807 871 3894 superbia
903 3811 1113 3895 contemptui,
1145 3820 1181 3875 ut
1211 3809 1274 3872 ursi
1301 3805 1389 3871 Dedi

270 3890 431 3955 marchio³
460 3913 570 3957 eorum
591 3891 730 3956 furorem
754 3914 812 3956 sua
832 3893 1003 3978 prudentia
1025 3901 1253 3980 compesceret,
1276 3891 1389 3956 eadem

271 4071 294 4125 a)
310 4075 449 4114 inmemores
468 4075 488 4116 i.
578 4071 647 4125 blito
665 4070 705 4125 ib;
726 4076 886 4125 vilipendebat
903 4077 927 4124 13
950 4075 1017 4125 parvi
1033 4075 1150 4126 pendebat
1166 4071 1272 4124 231'asra
1287 4083 1334 4122 cap.
1352 4073 1387 4114 ii.

270 4134 428 4184 vilipendebat
442 4145 483 4174 suo
498 4134 544 4174 loco
560 4138 597 4174 est.
620 4134 644 4176 P.
704 4132 726 4185 e)
741 4135 797 4174 deest
814 4137 840 4184 1,·
855 4135 914 4174 αιὶαι
931 4131 965 4176 lb.
982 4136 1003 4176 8.

272 4293 301 4358 1)
325 4293 395 4343 Earn
424 4301 487 4358 post
520 4293 589 4361 repis
616 4294 715 4361 sapam
741 4294 767 4344 d.
794 4295 836 4345 15.
860 4293 930 4361 Auq.
955 4293 1093 4344 dimissum
1117 4309 1172 4345 esse
1197 4299 1307 4343 constat.
1351 4290 1387 4342 W.

270 4363 300 4430 2)
319 4365 338 4416 ι’.
358 4382 380 4418 e.
400 4366 436 4417 ad
456 4363 543 4417 arcem
561 4365 715 4434 Hcrzburq.
750 4364 787 4418 W.
862 4366 892 4433 3)
915 4365 1056 4418 orientalis
1075 4365 1131 4418 sive
1150 4365 1289 4416 Lutatiae.
1323 4363 1359 4414 W.
