3098 4818
290 267 325 319 82
582 265 702 318 BRUNO
722 265 772 315 DE
791 265 911 315 BELLO
931 263 1118 316 SAXONICO.

214 435 380 502 mrsuobir
407 436 612 500 commissam
639 435 679 498 de
708 455 772 497 sua
804 434 939 496 miseria
965 435 1118 517 poteritis
1148 433 1303 513 liberare,
1341 434 1422 497 nisi

289 520 498 584 inimicorum
512 517 604 583 illim
618 519 814 582 inimicitias
828 517 934 581 velitis
948 517 1097 582 tolerare.
1129 517 1299 602 Ropamus
1313 518 1421 580 etiam

289 627 330 668 ne
358 605 396 668 in
426 604 484 668 loc
514 611 637 667 statuta
666 603 830 665 canonica
860 599 992 682 dejicere
1014 603 1213 686 patiamini,
1248 610 1419 686 quatenus

289 709 431 772 corpora
452 688 819 766 excommunicatorum,
848 687 906 772 qui
933 687 971 749 in
989 687 1216 772 persequendo
1238 685 1419 749 ecclesiam

290 772 389 838 occisi
410 780 495 852 sunt,
516 771 554 834 in
577 772 673 834 atriis
695 768 905 834 ecclesiarum
932 769 1066 870 sepeliri
1118 771 1329 850 ermittatis²5
1352 769 1418 833 ubi

290 864 397 919 autem
418 854 546 939 sepulta
568 863 654 932 sunt,
675 855 723 918 ibi
744 855 862 918 diviua
885 853 998 938 officia
1020 852 1082 918 cele
1102 857 1178 919 rari
1193 853 1416 940 prohibeatis.

289 939 389 1004 Multi
413 961 454 1004 ex
483 947 527 1003 eis
554 940 591 1002 in
619 937 773 1025 Aupusta
799 939 929 1002 civitate
956 938 1075 1023 sepulti
1102 946 1208 1002 sunt1.
1252 938 1416 1004 Eiusdem

288 1022 353 1088 loci
374 1021 685 1110 conprepatiomlsus
705 1022 832 1088 litteras
854 1031 978 1086 vestras
993 1045 1059 1107 per
1080 1022 1298 1088 discurrentes
1315 1043 1414 1105 perc·

289 1110 404 1193 prinos
425 1109 507 1171 satis
527 1109 650 1170 mittere
668 1108 813 1192 potestis.
845 1106 937 1170 Deus
953 1116 1060 1171 autem
1075 1108 1276 1191 omnipotens
1297 1107 1334 1169 in
1357 1105 1414 1169 tis

290 1201 319 1256 et
346 1193 384 1256 in
414 1191 562 1255 omnibus
587 1194 637 1256 ita
664 1213 720 1255 uos
749 1191 893 1276 diripat,
921 1200 957 1254 ut
984 1192 1070 1254 sicut
1095 1191 1247 1255 ecclesiae
1275 1199 1412 1254 sanctae

285 1297 449 1362 praeesse,
472 1277 519 1339 sic
540 1284 570 1338 et
581 1276 743 1372 prodesse
764 1274 912 1339 volemis.

211 1373 279 1416 1ors.
376 1360 446 1423 111.
503 1356 644 1422 uernam
691 1379 819 1444 quoquo
855 1357 1042 1422 direxerunt
1085 1357 1270 1444 epistolam,
1333 1379 1410 1421 uam

289 1444 452 1507 iusserunt
471 1443 505 1505 in
527 1441 650 1528 synodo
672 1443 818 1506 Romana
837 1443 982 1524 recitari,
1008 1445 1036 1506 si
1058 1442 1193 1506 domnus
1214 1451 1325 1528 aposto
1340 1443 1409 1506 'sus

289 1526 343 1592 vel
364 1523 552 1590 universalis
574 1525 727 1590 ecelesiae
756 1526 937 1590 interventu
958 1525 1000 1590 aa
1022 1525 1186 1612 dignitatis
1213 1524 1410 1612 apostolicae

289 1612 429 1696 rigorem
451 1619 483 1675 et
504 1608 708 1675 stabilitatem
729 1611 855 1695 possem
878 1611 1024 1674 excitari:

377 1695 445 1758 112.
492 1695 726 1780 Conquerimur
747 1695 837 1759 beato
859 1693 952 1758 Petro
977 1696 1109 1760 eiusne
1137 1697 1264 1759 vicario
1291 1694 1411 1758 domno

291 1779 467 1880 apostolico
502 1777 661 1864 Greporio
703 1781 852 1864 omnique
885 1789 1019 1843 sanctae
1049 1719 1223 1844 llomance
1256 1776 1409 1843 ecclesiae

290 1863 439 1944 concilio,
461 1885 561 1948 super
582 1865 721 1928 iniuriis
744 1872 773 1926 et
787 1863 958 1944 violentiis,
981 1886 1064 1950 quas
1079 1887 1101 1927 a
1115 1866 1232 1928 domno
1249 1863 1410 1927 Heinrico

284 1949 384 2032 passi
404 1971 516 2012 sumus
538 1956 567 2012 et
588 1951 788 2012 incessanter
803 1949 966 2032 patimur,
988 1970 1054 2012 non
1077 1948 1113 2012 ob
1136 1947 1238 2011 aliam
1260 1969 1409 2027 causam,

290 2033 359 2096 nisi
379 2032 465 2117 quod
486 2032 558 2096 sedi
573 2030 770 2116 apostolicae
785 2031 965 2095 obedientes
980 2053 1102 2095 sumus.
1134 2032 1285 2096 Peruenit
1300 2039 1408 2094 autem

291 2116 337 2180 ad
351 2138 420 2196 nos,
436 2118 474 2179 in
487 2125 624 2179 esancta
639 2116 764 2202 synodo
779 2116 934 2179 Romana
948 2138 1055 2200 nuper
1069 2116 1202 2180 liabita¹
1224 2115 1409 2200 quaesitum

290 2221 361 2262 esse
387 2207 415 2263 et
444 2199 593 2263 dubitari
621 2222 642 2262 a
673 2199 887 2285 quibusdam,
917 2208 1027 2264 utrum
1049 2201 1244 2284 praedictus
1272 2201 1326 2264 uir
1351 2196 1408 2262 ille

290 2283 623 2347 excommunicandus
645 2284 695 2364 sit,
718 2307 763 2347 an
784 2306 860 2348 non.
897 2282 1109 2370 Quapropter
1123 2307 1193 2364 nos,
1216 2284 1333 2370 quibus
1354 2305 1408 2346 res

290 2369 357 2431 isto
378 2369 476 2453 pravi
497 2368 716 2452 experimento
738 2369 920 2432 euidentius
940 2370 1096 2448 innotuit,
1119 2370 1322 2432 annuntiare
1338 2389 1407 2450 pro

291 2459 405 2515 nostra
432 2452 656 2515 aestimatione
677 2452 816 2538 dipnum
837 2453 1008 2532 dussimus,
1037 2455 1169 2538 quantis
1196 2451 1407 2516 existentibus

291 2538 402 2600 causis
423 2537 493 2620 ipse
515 2558 581 2600 non
603 2535 706 2600 solum
728 2537 1071 2616 excommunicandus,
1093 2537 1151 2602 sed
1171 2534 1280 2600 multis
1301 2536 1408 2599 modis

289 2622 359 2685 iam
380 2642 450 2684 uere
470 2620 532 2684 „ts
553 2624 861 2688 excommunicatus.
907 2622 1007 2684 Testis
1029 2631 1075 2686 est
1100 2622 1179 2684 haec
1202 2628 1318 2685 sancta
1339 2620 1406 2683 Ro—

289 2727 393 2768 mana
421 2703 568 2783 ecclesia,
601 2727 667 2790 pro
697 2706 830 2790 quantis
864 2703 1037 2769 sceleribus
1063 2714 1092 2768 et
1120 2728 1217 2790 quom
1248 2704 1407 2768 inaudita

285 2811 444 2873 praesum
468 2791 554 2852 tione
575 2791 613 2852 in
635 2789 759 2874 synodo
780 2790 921 2854 eiusdem
942 2789 1094 2854 ecclesiae
1116 2787 1246 2853 uinculo
1270 2785 1404 2851 anatlie-

289 2874 429 2936 matisc
455 2874 566 2958 ipatus
588 2882 642 2953 est,
665 2895 731 2938 non
749 2875 851 2958 prius
872 2881 989 2955 tamen,
1012 2877 1096 2938 sicut
1116 2895 1156 2936 ex
1172 2874 1281 2956 ipsius
1295 2871 1409 2935 domni

291 2955 464 3041 apostolici
484 2956 602 3020 litteris
625 2957 817 3040 didicimus,
841 2981 939 3042 quam
960 2960 1071 3043 ipsum
1091 2957 1195 3021 multa
1217 2957 1303 3021 sedis
1325 2977 1406 3040 apo-

289 3040 420 3103 stolicae
441 3043 566 3104 monita
580 3051 791 3123 spernentem,
813 3063 938 3127 semper
952 3065 992 3106 ex
1006 3044 1205 3126 correptione
1220 3041 1407 3106 deteriorem

287 3122 434 3204 tactum*¹
456 3134 543 3188 esse⁰
562 3123 739 3208 probatum
754 3134 808 3188 est.
844 3126 1002 3190 Pensetur
1015 3149 1092 3212 erpo
1109 3126 1147 3190 de
1161 3125 1229 3206 illo,
1252 3126 1310 3211 qui
1331 3133 1407 3188 ante

289 3208 469 3273 triennium
504 3208 743 3294 incorripibilis
769 3211 922 3274 inuentus
950 3220 1009 3291 est,
1043 3213 1075 3275 si
1102 3209 1197 3294 infra
1226 3210 1406 3273 triennium

289 3293 379 3357 istud
404 3295 451 3358 sic
482 3301 643 3356 correctus
671 3295 863 3378 resipuerit,
893 3304 929 3358 ut
957 3319 1045 3359 nunc
1072 3295 1111 3358 de
1135 3294 1342 3378 proferenda
1368 3293 1405 3356 in

173 3391 211 3445 ‘n
227 3377 399 3442 craillum*
426 3379 585 3442 sententia
607 3377 757 3442 dubitari
784 3388 938 3464 oporteat.
982 3379 1293 3444 Excommunicatus
1319 3399 1406 3462 erpo,

291 3462 373 3525 sicut
403 3462 472 3526 iam
503 3463 665 3544 diximus,
705 3485 805 3548 quam
837 3463 999 3528 diuturna
1033 3464 1223 3548 pertinacia
1252 3461 1407 3525 ultionem

290 3544 504 3630 apostolicam
519 3547 711 3630 despexerit,
734 3548 880 3632 undiquc
894 3557 1004 3611 notum
1019 3556 1074 3610 est.
1112 3546 1257 3610 Tandem
1271 3546 1405 3609 necessi-

290 3635 364 3708 tate,
385 3651 468 3713 quae
483 3630 567 3694 non'
581 3640 626 3695 est
640 3632 821 3716 incopnita,
844 3641 974 3696 coactns
989 3631 1221 3696 absolutionem
1237 3649 1406 3716 quaerens,

284 3714 387 3798 prius
408 3713 583 3796 impetrare
597 3712 663 3778 non
672 3717 793 3800 potuit,
817 3739 915 3800 quam
930 3715 1149 3780 iureiurando
1165 3713 1337 3802 pollicitus
1351 3720 1405 3793 est,

289 3819 322 3860 se
350 3796 389 3861 de
418 3797 565 3862 omnibus
594 3799 659 3862 sibi
689 3799 817 3863 obiectis
847 3797 1111 3884 satisfacturam,
1137 3808 1240 3884 prout
1268 3798 1404 3862 domnus

283 3903 384 3968 papo
410 3881 473 3946 sibi
499 3889 625 3966 tempus
651 3885 865 3948 constitueret.
909 3885 983 3948 Hac
1012 3884 1202 3950 condicione
1230 3881 1405 3960 absolutus,

288 3967 429 4030 recessit.
474 3963 553 4031 Cum
581 3975 687 4031 autem
716 3967 897 4053 placuisset
925 3969 1043 4034 domno
1073 3965 1266 4053 apostolico,
1299 3965 1406 4030 missis

288 4042 407 4136 lepatis
428 4060 457 4115 et
476 4050 591 4115 litteris
612 4052 719 4138 exepit
741 4052 781 4116 ab
805 4074 855 4126 eo,
878 4060 914 4116 ut
924 4052 1056 4138 faceret
1077 4053 1165 4140 quod
1186 4049 1407 4116 iureiurando

288 4183 377 4238 Quen
391 4186 454 4236 Μ.
514 4183 537 4236 b)
550 4186 623 4236 poan
639 4188 660 4228 1.
730 4187 750 4238 c)
767 4187 823 4227 deest
840 4188 860 4226 l.
920 4187 944 4239 d)
960 4189 1016 4228 deest
1031 4191 1052 4230 1.
1099 4186 1227 4239 metunt.
1272 4185 1405 4237 Ounnol.

291 4277 593 4349 mercanturque.
614 4280 735 4333 stom.
768 4281 799 4335 Ρ.
856 4280 885 4349 2)
906 4283 997 4336 Mense
1010 4282 1158 4336 Februario
1177 4282 1258 4335 liuius
1271 4280 1348 4335 anni.
1375 4278 1407 4333 P.
