3114 4814
153 999 271 1052 aaran.

148 2872 176 2914 ci.
185 2873 206 2914 ἱ.
212 2871 273 2912 Tim.

176 2933 197 2984 2,
206 2933 226 2974 a.
234 2933 256 2974 4.

277 308 313 358 94
469 306 520 357 DE
540 304 700 357 UNITATE
719 303 925 356 uccnasma
945 303 1221 356 CONSERVANDA.

361 475 413 540 26.
458 473 546 538 Ecce
574 493 634 557 pro
660 481 761 536 onunt
787 469 882 536 nobis
911 470 1091 536 adversarii
1116 494 1177 572 pro
1199 495 1276 538 suae
1298 475 1408 562 partis

279 557 530 638 confirmatione,
552 567 589 620 ut
603 495 778 622 debeamus
800 557 913 620 timere
934 555 1028 641 ligari
1050 555 1102 620 vel
1116 559 1250 640 iniuste,
1273 557 1330 622 sed
1346 559 1407 644 qui

278 641 359 708 alios
381 641 508 724 docent,
529 649 630 706 semet
651 642 738 726 ipsos
760 663 826 705 non
847 639 974 706 docent.
1010 639 1115 726 Igitur
1135 642 1298 706 convincit
1319 643 1411 706 veri-¹

278 737 338 809 tas,
367 725 489 792 iustitia
515 733 547 789 et
571 724 737 807 iudicium,
765 726 842 811 quia
862 726 944 790 iuste
966 725 1137 790 damnatus
1159 734 1207 792 est
1228 723 1281 790 ille
1305 725 1408 790 Hart‘

278 813 374 896 vigus
395 811 487 874 iuxta
508 811 657 873 meritum
679 831 783 874 suum.
826 809 922 874 Unde
949 819 982 874 et
1002 809 1161 873 Dominus
1190 809 1268 874 dicit
1293 810 1324 873 ai
1344 833 1410 896 per

279 893 472 959 Malachiam
486 893 676 979 prophetam
699 902 731 958 et
745 895 869 976 ceteris,
892 895 947 979 qui
964 894 1089 958 irritum
1111 893 1257 958 fecerunt
1270 903 1405 980 pactum

280 977 370 1062 Levi,
397 987 529 1064 pactum
554 977 678 1043 scilicet
698 979 784 1044 vitae
812 988 844 1042 et
889 979 970 1041 acis:
1003 977 1214 1058 Maledicere,
1244 978 1405 1064 inquiens,

280 1063 558 1128 benedictionibus
593 1063 707 1126 vestris
741 1073 769 1126 et
800 999 995 1127 malte'dmm
1024 1063 1080 1143 eis,
1114 1066 1270 1148 queniam
1302 1063 1404 1148 tapam

279 1170 383 1212 meam
406 1169 506 1230 super
527 1169 584 1210 cor
605 1169 669 1210 aaa
687 1148 859 1231 posuistis.
901 1143 1072 1210 Pastillos
1094 1156 1202 1211 autem
1224 1146 1305 1226 dies,
1333 1147 1405 1232 qni-

280 1232 341 1297 bus
370 1227 450 1294 haec
502 1252 563 1294 uua
585 1229 728 1294 diximus
750 1229 835 1294 facta
857 1239 932 1294 sunt
952 1229 1149 1314 Moguntiae,
1179 1229 1407 1295 concelebrata

280 1324 329 1380 est
357 1315 453 1379 etiam
476 1251 630 1378 dolosius
683 1335 718 1377 er
739 1313 878 1377 eundem
900 1313 1095 1397 Hartvigum
1124 1314 1282 1380 ordinatio
1304 1311 1405 1378 Adel-

280 1397 395 1464 heidae
417 1399 576 1482 reginae1.
611 1335 681 1462 Sed
699 1399 758 1462 etsi
772 1397 991 1462 Herimannus
1007 1397 1208 1463 Coloniensis
1231 1399 1406 1486 episcopus

280 1505 339 1567 pro
361 1481 478 1546 affectu
499 1481 797 1565 consanguinitatis,
826 1501 891 1566 qus
911 1483 1061 1568 proxime
1089 1481 1289 1568 attingebat¹¹
1318 1481 1406 1565 eum,

281 1587 346 1630 non
367 1575 415 1629 est
434 1565 618 1629 recordatus
641 1566 869 1647 damnationis,
892 1588 957 1652 qua
971 1566 1121 1631 decessor
1143 1568 1213 1632 eius
1229 1567 1405 1652 Sigiwinus

282 1648 489 1714 damnaverat
517 1671 601 1732 eum,
628 1658 736 1714 tamen
759 1649 960 1714 Coloniensis
987 1650 1134 1732 ecclesia,
1157 1673 1241 1738 quae
1262 1654 1297 1715 in
1318 1660 1405 1715 utra-

304 1753 345 1796 ue
367 1732 571 1798 damnatione
593 1734 668 1798 eius
685 1743 899 1816 consenserat,
925 1737 1183 1800 communionem
1211 1737 1280 1801 eius
1302 1738 1406 1800 vitare

282 1754 447 1899 debuerat,
477 1819 629 1904 quoniam
657 1817 737 1882 nihil
765 1820 907 1901 interest,
936 1827 1043 1882 utrum
1073 1821 1103 1884 ei
1124 1818 1240 1906 aliquis
1263 1841 1406 1884 commu-

281 1903 377 1984 nicet,
399 1903 455 1989 qui
477 1902 635 1967 eiusmodi
657 1911 715 1983 est,
737 1903 806 1968 sive
828 1903 880 1967 ille
906 1904 1059 1986 iungatur
1085 1906 1320 1985 communione,
1349 1904 1406 1990 qui

282 1986 428 2050 diversus
455 1996 591 2051 nonest
617 1986 659 2052 ab
689 1985 774 2051 illius
796 1987 928 2052 heretici
949 1989 1183 2053 communione.
1226 2004 1279 2068 sia,
1299 1988 1407 2073 inquit

284 2069 466 2150 Gelaslus¹,
485 2085 522 2136 ric
529 2085 635 2152 passim
650 2084 739 2136 omnia
758 2083 827 2136 licite
838 2085 903 2151 fieri
922 2102 940 2134 a
952 2101 1107 2150 quocunque
1120 2087 1246 2138 videatur
1264 2095 1288 2138 et
1300 2087 1405 2137 uallum

283 2159 426 2211 discrimen
443 2175 542 2222 aeman,
560 2159 639 2210 anila
657 2158 819 2209 examinatio
839 2157 962 2209 ecciesiae
972 2159 1137 2224 postulatur,
1157 2160 1204 2211 aed
1217 2159 1313 2226 ubique
1332 2159 1405 2212 iere-

283 2231 329 2284 aaa·
340 2225 571 2284 tauomttraararb
587 2239 611 2282 et
622 2247 697 2282 nemo
711 2231 830 2293 resultat,
849 2232 897 2282 sed
915 2233 986 2282 uelut
1004 2240 1079 2282 muta
1092 2249 1195 2298 pecora
1212 2231 1406 2300 inceptionem

283 2313 366 2365 ducta
389 2311 501 2364 subditis
526 2313 705 2364 uoluntatibus
725 2311 868 2379 perfidiam
886 2321 1030 2366 sectantur.
1067 2297 1137 2363 Iam
1160 2321 1236 2364 vero
1259 2309 1404 2385 apparet,

285 2389 438 2466 quantam
460 2381 638 2464 perniciem
653 2389 794 2464 generet,
817 2381 904 2466 quod
927 2382 1010 2446 sacri
1029 2403 1167 2448 canones
1188 2383 1406 2468 negliguntur,

284 2463 371 2564 quod
399 2464 551 2548 imperltr,
583 2463 718 2548 1nd1gn1,
748 2465 935 2550 symoniaci,
965 2466 1119 2552 neophyti
1148 2467 1292 2532 ecclesiis
1314 2489 1405 2553 prae·

283 2549 445 2630 hciuntur,
467 2547 586 2634 quales,
606 2569 678 2612 cum
700 2570 766 2613 non
786 2551 912 2633 possint
933 2551 1067 2615 scientia
1088 2561 1120 2615 et
1141 2550 1287 2616 docmina
1308 2561 1406 2637 atque

284 2630 355 2697 aliis
378 2633 527 2718 operibus
542 2631 637 2697 bonis
658 2633 867 2716 innotescere,
889 2645 1098 2718 praesumunt
1113 2635 1287 2701 sceleribus
1303 2644 1405 2700 osten-

284 2716 360 2782 dere
382 2739 453 2780 sese
475 2716 598 2804 aliquid
619 2739 689 2782 esse
710 2716 762 2782 vel
782 2739 888 2803 posse,
910 2727 942 2782 et
962 2717 1046 2783 inter
1064 2729 1172 2784 cetera
1193 2719 1350 2784 extollunt
1371 2741 1405 2784 se

285 2809 397 2866 contra
422 2803 544 2886 regiam
573 2811 774 2886 potestatem,
803 2802 900 2866 immo
931 2813 1043 2867 contra
1068 2803 1132 2868 Dei
1161 2804 1405 2888 ordinationem,

284 2893 317 2950 et
339 2885 395 2972 qui
416 2895 528 2970 utpote
549 2883 723 2950 militantes
745 2885 817 2949 Deo
839 2907 905 2949 non
926 2884 1105 2952 debuerant
1135 2910 1169 2952 se
1195 2887 1246 2954 vel
1267 2889 1405 2974 negotiis

286 2969 504 3034 saecularibus
536 2967 712 3053 implicare,
744 2980 902 3055 usurpant
934 2969 996 3035 sibi
1022 2993 1158 3056 regnum
1191 2973 1340 3050 ordinare
1373 2981 1406 3038 et

284 3073 407 3134 regere,
429 3055 484 3138 qui
499 3052 680 3117 debuerant
694 3053 900 3119 ecclesiarum
922 3063 1061 3120 rectores
1077 3078 1146 3120 esse
1169 3067 1201 3120 et
1215 3078 1406 3121 seseexem·

309 3135 375 3199 lum
397 3135 586 3201 humilitatis
608 3137 757 3202 omnibus
778 3147 1046 3224 praemonstrare.
1081 3139 1136 3204 Sic
1152 3142 1238 3206 enim
1253 3140 1405 3206 discrevit

283 3158 432 3284 blastus
444 3221 610 3306 utriusque
625 3223 792 3306 potestatis
805 3221 921 3302 officia,
936 3244 1047 3307 regum
1057 3223 1180 3290 scilicet
1195 3235 1290 3312 atque
1302 3226 1404 3310 ponti-

284 3305 392 3386 ficum,
409 3319 558 3387 quatiaas³
571 3320 701 3385 spiritalis
713 3321 780 3372 actio
795 3339 812 3370 a
824 3321 1011 3386 temporalibus
1024 3323 1136 3375 distaret
1148 3324 1299 3376 incursibus
1312 3333 1336 3376 et
1348 3323 1405 3377 Deo

286 3395 404 3446 militaus
413 3392 519 3445 minime
528 3410 556 3444 se
565 3392 675 3460 negotiis
685 3393 833 3460 implicaret
842 3395 1033 3460 saecularibus,
1046 3413 1077 3448 ac
1086 3397 1202 3450 vinauina
1210 3416 1264 3449 aaa
1274 3399 1319 3450 iile
1328 3399 1406 3450 rebus

286 3468 386 3520 diuinis
400 3467 559 3534 praesidere
581 3467 725 3530 uideretur,
745 3467 791 3532 qai
810 3475 874 3518 essct
891 3467 1044 3533 implicatas
1062 3469 1176 3537 negotiis
1195 3470 1404 3524 saecularitate

286 3535 382 3600 Unde
401 3534 487 3598 idem
507 3535 563 3632 qui
581 3533 661 3598 haec
683 3535 813 3619 scripsit
832 3533 983 3599 Gelasius
1003 3548 1237 3624 consequenter
1255 3538 1407 3602 discernit

287 3639 414 3704 quoque
429 3617 550 3682 iudicia
564 3617 719 3683 ecclesiae
734 3640 754 3680 a
767 3619 866 3702 regiis
882 3618 1156 3704 dispositionibus.
1183 3638 1251 3702 Quo,
1271 3623 1404 3706 inquit⁵,

286 3725 366 3772 more,
391 3723 442 3774 quo
467 3709 523 3759 rita
549 3705 678 3774 aliquia
702 3709 962 3760 damnatorum‘*
976 3711 1165 3776 praetenditur
1184 3713 1328 3775 absolutus,
1348 3727 1405 3762 eum

286 3797 334 3834 aec
354 3797 372 3832 a
381 3781 551 3848 pontificibus
571 3781 683 3850 legitime
702 3789 726 3834 et
744 3781 923 3835 ecclesiastae
941 3783 1041 3851 lepidus
1049 3785 1138 3852 fuerit
1157 3783 1303 3850 expeditus,
1322 3800 1370 3836 aec
1389 3801 1406 3836 a

287 3955 312 4010 a)
327 3956 496 4006 actingebat13
513 3957 593 4000 emma
606 3955 696 3999 catara
742 3955 766 4007 b)
783 3959 998 4002 intromittuntnrl.
1044 3962 1066 4013 e)
1082 3959 1255 4000 Alexandrinus
1263 3959 1345 3999 Petrus
1361 3957 1405 3999 Gal.

291 4117 318 4182 1)
334 4119 405 4172 Vide
424 4133 493 4186 quae
513 4135 539 4184 p.
553 4117 598 4168 93.
617 4117 651 4168 de
670 4118 722 4168 hac
741 4134 770 4169 re
790 4119 864 4170 dicta
883 4124 954 4173 sunt.
1012 4121 1040 4184 2)
1062 4121 1103 4172 cf.
1121 4119 1200 4171 Thiel
1220 4137 1247 4187 p.
1261 4121 1324 4172 423.
1344 4121 1405 4172 424.

288 4189 319 4259 3)
339 4193 380 4246 Cf.
398 4199 476 4244 truet.
497 4190 600 4243 Gelasii
620 4207 662 4258 ap.
678 4191 760 4260 'Thiel
778 4191 801 4255 I,
826 4209 851 4259 p.
873 4191 936 4244 568.
1011 4191 1041 4260 4)
1061 4195 1121 4245 Hoc
1140 4210 1194 4246 uon
1213 4197 1272 4247 sine
1292 4194 1406 4262 quadam

289 4267 438 4318 acerbitate
458 4272 551 4317 contra
566 4266 754 4332 imperatorem
772 4265 873 4316 dictum
893 4271 941 4318 est.
1012 4265 1042 4330 5)
1062 4267 1142 4319 Thiel
1160 4285 1188 4336 p.
1208 4269 1271 4321 569.
