3114 4814
46 4412 120 4428 *n

305 349 357 399 tat
486 348 537 398 Dc
556 345 716 397 Lutum
735 345 941 396 sconsam:
961 345 1237 398 consuamus

302 523 430 580 noctem
458 535 520 600 pro
546 514 609 594 die,
637 513 802 578 interitum
831 534 891 598 pro
925 512 1040 595 salute,
1072 511 1329 598 desperationem
1363 511 1426 578 sub

304 600 437 665 obtentu
464 599 545 678 111,
571 597 742 684 perfidiam
772 596 833 661 sub
865 607 1038 683 praetextu
1069 596 1156 678 fidei,
1188 597 1427 662 Antichristnm

304 683 364 749 sub
394 621 553 747 vocabulo
576 681 708 764 Christi,
734 690 779 762 ut,
809 680 887 744 dum
908 679 1095 746 verisimilia
1115 683 1323 765 mentiuntur,
1344 683 1427 747 veri-

304 777 403 832 tatem
425 765 601 832 subtilitate
623 769 824 832 frustrentur.

158 859 295 912 tmvffl)
389 852 441 917 39.
485 850 596 930 Sicut,
622 851 785 936 inquiunt,
815 850 902 914 enim
934 860 1069 913 sanctus
1090 859 1195 948 pater
1227 851 1427 915 Benedictus

306 936 437 1000 audivit
452 958 474 998 a
485 934 616 999 diaholo
631 935 831 1015 maledicte,
845 944 875 997 et
889 956 956 998 non
971 934 1153 998 ‘benedicte’
1168 958 1226 1000 nec
1240 933 1292 1000 illi
1303 936 1427 1015 nocuit,

303 1023 353 1085 111
374 1029 404 1084 11
425 1019 477 1083 lis
494 1019 650 1106 Wiqberti
668 1017 853 1084 maledictio
874 1042 941 1083 non
964 1018 1097 1083 nocebit.
1131 1018 1219 1099 Quid
1240 1018 1340 1104 ergo?
1361 1040 1427 1082 non

304 1101 435 1169 nocebit
449 1103 607 1167 eiusmodi
622 1101 799 1182 monachis,
822 1101 909 1187 quod
924 1103 1114 1187 transgressi
1129 1114 1205 1168 sunt
1225 1124 1427 1188 peromnem

304 1186 437 1252 modum
449 1187 694 1253 constitutiones
704 1186 887 1272 praedictae
897 1185 1015 1272 synodi
1027 1183 1322 1251 Chalcedonensis?
1344 1186 1427 1252 Con-

304 1274 451 1338 stitutum
479 1281 546 1337 est¹
577 1271 736 1356 siqnidem
763 1271 847 1335 inter
868 1280 985 1351 cetera,
1006 1270 1181 1334 monachos
1202 1293 1262 1356 per
1283 1269 1427 1355 singulas

305 1357 453 1422 civitates
482 1367 514 1421 et
541 1357 726 1441 provincias
759 1355 922 1441 episcopis
950 1353 1099 1418 subditos
1126 1376 1197 1420 esse
1225 1363 1258 1419 et
1286 1357 1427 1440 quietem

304 1439 449 1526 diligere,
481 1459 687 1526 nequaquam
718 1449 827 1503 autem
863 1436 1088 1502 ecclesiasticis
1122 1438 1175 1503 vel
1206 1437 1427 1503 saecularibus

303 1523 402 1589 rebus
434 1525 682 1604 communicare,
714 1521 837 1608 alioqui
872 1521 994 1586 alienos
1030 1543 1100 1586 esse
1135 1522 1178 1588 ab
1210 1521 1428 1587 ecclesiastica

144 1623 294 1671 amsans.
304 1608 539 1672 communione.
584 1605 680 1671 Certe
701 1605 939 1671 firmamentum
959 1605 1025 1671 Dei
1046 1617 1119 1687 stat,
1147 1617 1179 1672 et
1204 1606 1293 1692 quod
1317 1616 1428 1671 aucto·

303 1693 398 1757 ritate
413 1691 650 1757 constitutionis
665 1687 902 1756 ecclesiasticae
923 1689 1106 1776 praefixum
1120 1703 1179 1772 est,
1200 1689 1290 1754 nulla
1303 1692 1428 1755 ratione

305 1775 440 1841 convelli
468 1785 583 1862 potest,
612 1776 703 1839 iuxta
755 1774 820 1839 uod
846 1784 878 1840 et
903 1784 1033 1838 sanctus
1063 1795 1150 1860 papa
1179 1773 1358 1860 Gregorius
1386 1774 1428 1840 de

306 1859 465 1924 eiusmodi
492 1859 635 1926 scribens
663 1859 706 1923 ad
727 1797 904 1923 lohannem
929 1858 1134 1923 Larissaenm
1163 1860 1353 1945 episcopum
1380 1860 1427 1922 in-

306 1945 427 2010 11108112
450 1958 580 2024 Morta,
599 1944 760 2028 inquiens,
774 1957 873 2012 randis
884 1957 1011 2024 patribus
1026 1957 1187 2024 diffinitione
1205 1959 1348 2020 sancimus,
1368 1961 1427 2022 atfl,

306 2033 353 2102 qui
377 2034 462 2086 sace-is
486 2035 568 2085 nescit
593 2033 699 2085 obedire
722 2030 876 2094 canonibus,
901 2048 948 2082 nec
973 2031 1058 2082 samis
1083 2029 1272 2082 administrare
1296 2029 1428 2083 altaribus

306 2119 348 2171 cel
375 2116 582 2170 commonionem
610 2131 705 2180 capere
736 2116 771 2166 sit
799 2114 908 2180 11191111.
957 2099 1001 2162 Et
1028 2098 1137 2162 videte
1163 2097 1302 2183 amplius
1330 2107 1428 2184 abque

306 2183 476 2268 intelligite
509 2183 677 2246 attentius!
720 2181 772 2245 Illi
804 2181 891 2244 enim
923 2182 1083 2264 monachi,
1116 2182 1158 2246 de
1190 2203 1328 2270 quorum
1361 2183 1427 2268 epi-

308 2266 389 2333 stola
420 2275 612 2347 tractamus,
650 2287 715 2328 non
755 2263 857 2328 solum
894 2285 954 2348 per
993 2267 1185 2352 scripturam
1224 2287 1333 2347 suam,
1371 2265 1428 2330 sed

331 2373 366 2416 er
401 2371 529 2415 omnem
566 2371 697 2435 operam
733 2371 824 2413 suam
856 2348 1032 2415 defendunt
1062 2373 1102 2416 ea
1131 2349 1327 2435 flagitiorum
1361 2371 1429 2414 sce-

307 2374 388 2516 lera,
424 2455 506 2520 qnae
538 2455 598 2520 per
633 2434 835 2498 occasionem
867 2433 942 2500 belli
971 2435 1074 2499 solent
1099 2434 1187 2515 fieri,
1218 2436 1310 2500 iuxta
1342 2433 1429 2520 quod

308 2520 431 2584 dictum
454 2529 503 2584 est
524 2539 630 2604 supra.
663 2519 706 2583 Et
729 2520 812 2582 sicut
832 2518 896 2603 ipsi
917 2517 1065 2582 furantur
1085 2519 1126 2584 de
1148 2520 1247 2582 saeris
1262 2519 1429 2604 scripturis
1530 2509 1536 2534 ⁴

307 2604 502 2684 testimonia,
524 2604 674 2688 quatinus
696 2603 837 2668 condant
859 2612 892 2666 et
912 2611 1052 2668 statuant
1072 2601 1202 2668 hereses
1225 2612 1257 2667 et
1279 2606 1430 2666 scismata

309 2709 378 2770 sua,
406 2688 454 2752 111
481 2688 577 2751 etiam
607 2687 782 2752 defendunt
813 2687 910 2769 dares,
941 2686 1119 2751 homicidas
1148 2697 1245 2772 atque
1274 2688 1429 2772 periuros,

309 2773 392 2838 sieut
413 2793 512 2858 supra
531 2773 694 2837 invenitur
722 2774 756 2835 in
776 2773 920 2856 ipsorum
942 2773 1113 2858 scriptura.
1157 2769 1223 2835 Sed
1251 2770 1430 2836 ostenditur

308 2855 486 2921 Zachariae
507 2854 684 2942 prophetae
705 2854 856 2921 volumen
877 2853 999 2938 volans,
1026 2854 1087 2919 hoc
1116 2865 1166 2920 est
1186 2855 1344 2919 iudicium
1365 2854 1430 2919 Dei

310 2941 351 3005 ab
381 2939 506 3004 occulto
535 2938 697 3039 prodiens,
725 2940 778 3003 111
804 2950 836 3004 11
865 2939 998 3004 dicitur:
1032 2940 1125 3004 Haec
1157 2949 1203 3003 est
1233 2940 1430 3021 maledictio,

333 3046 396 3087 une
429 3023 613 3109 cyredsetur
644 3045 745 3107 super
765 3023 894 3108 faciem
925 3026 1030 3088 omnis
1062 3035 1187 3104 terrae,
1215 3026 1295 3108 quia
1325 3025 1430 3088 omnis

149 3121 219 3166 M·
227 3121 300 3175 1111
302 3047 381 3194 lun,
402 3109 486 3172 sicut
506 3107 554 3170 ihi
575 3108 643 3170 scri
666 3117 733 3170 tum
755 3117 810 3188 est,
831 3108 1048 3188 iudicabitur,
1069 3117 1098 3172 et
1120 3109 1226 3173 omnis
1247 3111 1368 3172 iurans
1390 3128 1430 3172 eu

312 3193 371 3256 1111
402 3189 554 3255 similiter
584 3129 799 3256 iudicabitur.
844 3193 994 3256 Educam
1027 3191 1122 3272 illud,
1156 3193 1237 3257 dicit
1265 3192 1430 3256 Dominus

312 3277 521 3357 enercituum,
543 3284 572 3338 et
585 3277 690 3340 ueniet
712 3277 757 3339 ad
773 3276 901 3341 domum
914 3276 1013 3360 furis
1034 3286 1064 3340 et
1078 3278 1123 3340 ad
1138 3277 1269 3342 domum
1283 3277 1431 3341 iurantis

310 3360 349 3424 in
364 3360 495 3425 nornine
508 3381 577 3423 meo
591 3360 800 3440 mendaciter,
823 3369 852 3423 et
867 3363 1116 3426 commorabitur
1136 3363 1174 3425 in
1195 3361 1300 3426 medio
1316 3361 1432 3426 domus

189 3454 301 3514 (ΜΠ)
312 3445 384 3508 eius
405 3453 434 3508 et
448 3453 611 3508 consumet
625 3467 708 3525 eum,
731 3445 877 3508 animam
898 3445 1019 3508 scilieet
1039 3469 1112 3509 cum
1127 3467 1272 3545 corpore.
1286 3483 1322 3493 -
1337 3444 1433 3510 Sicut

312 3528 408 3609 enim,
430 3527 588 3612 inquiant,
611 3537 745 3592 sanctus
766 3537 862 3612 pates·
883 3529 1081 3593 Benedictus
1102 3529 1233 3593 audiuit
1258 3553 1280 3592 u
1301 3527 1432 3594 diaholo

314 3610 502 3675 ‘maledicte'
524 3621 553 3674 et
574 3633 640 3676 nou
656 3611 837 3677 ‘benedicte'
858 3635 916 3676 nec
938 3613 991 3676 illi
1011 3614 1132 3694 nocuit,
1155 3615 1205 3677 ita
1226 3622 1255 3676 et
1275 3612 1432 3698 111111719-

313 3693 395 3759 11111
414 3694 599 3760 maledictio
620 3718 687 3761 non
703 3696 836 3777 nocebit,
854 3699 951 3762 immo
968 3697 1077 3782 mapis
1119 3696 1244 3761 roderit
1259 3698 1304 3760 ad
1318 3696 1433 3760 Domi-

160 3795 198 3838 1²¹·
208 3791 302 3846 111118.
313 3800 390 3843 num
418 3779 600 3845 dicentibus
628 3802 700 3844 eum
728 3789 839 3844 saneto
862 3780 995 3846 Dauid:
1026 3781 1096 3844 ‘Ma
1128 3782 1236 3846 dicent
1264 3778 1318 3844 illi
1345 3789 1375 3843 et
1395 3789 1433 3844 tu

313 3861 497 3928 benedices'.
540 3863 642 3928 Ecce!
672 3865 727 3950 qui
756 3863 935 3930 docuerunt
960 3864 1104 3949 lingnam
1131 3884 1222 3928 suam
1249 3863 1378 3928 mentiri
1401 3872 1434 3928 11
1519 3871 1522 3952 J

313 3945 514 4030 maledicere,
530 3946 642 4012 dicunt
655 3969 690 4012 se
704 3947 969 4013 maledicentibus
984 3949 1184 4031 benedicere,
1200 3949 1255 4034 qui
1268 3947 1435 4012 Christum

313 4040 346 4098 et
367 4031 536 4098 eeclesiam
564 4053 629 4097 non
656 4043 784 4098 cessant
812 4031 881 4097 blas
905 4033 1043 4114 hemare,
1071 4031 1181 4120 quales
1202 4031 1336 4097 tradidit
1357 4052 1436 4117 apo·
1518 4087 1520 4096 2

155 4125 304 4181 ¹·001·⁰‚¹⁰·
313 4114 413 4183 stolus
429 4117 579 4198 Satanae,
601 4124 638 4180 ut
651 4115 779 4182 discant
795 4139 860 4182 non
877 4055 1111 4204 lilaspbemare.
1144 4116 1230 4181 Ε111
1245 4119 1343 4199 enim,
1358 4136 1435 4180 cum

314 4239 337 4294 a)
352 4243 384 4285 tta
400 4243 478 4294 dmm
494 4245 517 4284 st
534 4246 555 4285 1.

315 4337 344 4405 1)
363 4337 510 4390 Hinschius
529 4338 548 4390 l.
568 4353 593 4389 e.
612 4355 640 4406 p.
660 4337 723 4391 ast.
797 4338 827 4406 1)
847 4339 973 4408 Gregorii
991 4339 1130 4407 Epistulas
1149 4339 1204 4404 111,
1224 4338 1249 4390 ’1.
