3116 4822
627 335 842 389 PRAEFATIO.
1227 339 1299 390 XIII

177 503 350 588 scripsisse
380 511 546 587 putemus.
598 503 638 568 Si
665 503 823 584 volumus,
851 501 944 566 illum
976 506 1169 570 monacbum
1200 507 1300 572 Hers-

176 587 366 668 veldensem,
390 587 448 672 qui
469 589 604 670 scripsit
624 587 743 652 librum
765 596 923 668 nostrum,
951 587 1166 654 Wuttramum
1176 590 1299 675 fuisse,

178 693 302 736 necesse
332 678 378 734 est
400 679 593 752 statuamus,
614 694 686 736 eum
716 673 761 734 im
786 673 912 736 aratori
941 671 1086 738 Hearioo
1114 676 1183 739 iam
1211 685 1299 740 ante-

200 779 279 821 uam
300 777 316 817 e
342 755 476 838 iscopus
490 753 586 836 fleret
608 766 717 820 notum
730 693 855 840 fidisse.
892 756 1094 843 Hortuipum
1114 758 1207 823 iilum
1230 762 1299 845 qui-

177 780 248 906 dem
272 777 417 904 abbatem
440 837 704 905 Hersvddensem
732 863 804 904 cum
825 842 1023 924 imperatore
1046 844 1194 908 amicitia
1216 867 1297 928 qua-

176 925 254 990 dam
282 927 429 990 iunctum
446 921 570 1006 fuisse,
598 927 668 988 sine
696 923 767 988 ulla
795 923 998 989 dubitatione
1020 927 1298 1009 confirmaverim

176 1031 277 1096 neque
299 1031 374 1072 uero
397 1006 501 1070 solum
523 1007 677 1090 abbatem,
700 1009 757 1072 sed
767 1007 932 1092 plurimos
952 1011 1186 1076 monachorum
1207 1011 1299 1077 iliius

177 1093 325 1159 coenobii
350 1093 545 1175 imperatori
574 1101 633 1156 aut
661 1091 774 1156 saitem
801 1094 938 1178 coniupi
964 1094 1035 1157 eius
1064 1105 1156 1159 notos
1175 1094 1298 1180 fnisse,

178 1178 256 1242 iude
279 1176 541 1322 apparetbpuod
563 1176 773 1240 Lambertusl
804 1185 934 1257 narrat,
961 1178 1119 1242 Bertbam
1146 1181 1299 1264 repinam

175 1261 288 1346 pridie
320 1259 403 1324 Idus
459 1259 523 1324 ebr.
557 1262 642 1324 anni
670 1261 761 1325 1074.
794 1263 831 1325 in
862 1259 1014 1326 coenobio
1047 1263 1300 1328 Herosueidensi

169 1345 282 1428 fliium
300 1345 487 1430 peperisse,·
511 1367 602 1429 quem
618 1345 821 1430 baptizatum
842 1367 908 1410 esse
931 1345 971 1410 ab
987 1346 1113 1411 Ezzone
1128 1346 1300 1412 Altenbur·

201 1431 274 1494 ensi
305 1431 459 1512 episcopo
492 1436 521 1491 et
554 1429 595 1492 ab
629 1429 743 1494 abbate
770 1438 799 1492 et
830 1429 907 1493 atta
935 1428 1105 1516 plerisque
1124 1433 1299 1515 fratribus

178 1453 426 1578 bdersoeldensis
447 1512 591 1576 coenobii
618 1514 658 1576 de
688 1535 782 1577 sacro
795 1511 894 1596 fonte
925 1525 1110 1598 susceptum
1137 1538 1214 1586 esse.
1257 1517 1299 1580 In

177 1621 240 1683 quo
263 1619 397 1661 numero
420 1598 517 1660 etiam
532 1599 720 1681 scriptorem
736 1597 815 1662 libri
836 1601 942 1662 nostri
952 1598 1065 1681 fuisse
1088 1609 1124 1663 ut
1136 1609 1300 1684 putemus,

177 1682 377 1746 adducimur
405 1702 451 1761 eo,
485 1682 572 1765 quod
605 1691 738 1763 praeter
773 1690 892 1746 ceteros
928 1683 1072 1766 quadam
1107 1687 1300 1749 auctoritate

166 1765 326 1850 floruisse
358 1765 497 1829 uidetur.
540 1764 608 1829 Neo
644 1767 774 1830 mirum.
821 1765 888 1839 Qui
918 1769 1004 1830 enim
1037 1776 1132 1831 tanta
1165 1770 1236 1833 acie
1271 1779 1300 1832 et

178 1851 340 1916 celeritate
361 1850 492 1935 ingenii
506 1871 639 1912 causam
654 1850 864 1949 imperatoris
880 1852 961 1934 opit,
984 1852 1043 1936 qui
1063 1861 1165 1916 mente
1188 1855 1301 1917 omnia

167 1935 246 2020 fere
274 1936 403 2018 scripta
433 1941 569 2017 patrum
597 1933 889 1998 ecclesiasticorum
921 1935 1171 2018 comprehendit,
1204 1939 1301 2001 cuius

180 2021 294 2084 auimo
317 2019 529 2082 obversantur
552 2020 664 2081 omnia
686 2040 796 2082 eorum
818 2018 927 2098 uerba,
950 2040 1034 2102 quae
1057 2020 1102 2083 ad
1122 2042 1190 2083 rem
1212 2021 1298 2084 Hen-

177 2105 243 2169 rici
265 2101 505 2186 defendendam
521 2105 701 2184 pertinent,
724 2125 794 2166 eum
816 2103 902 2166 inter
922 2104 1099 2167 manacbos
1120 2101 1214 2168 illius
1234 2127 1300 2168 aoe-

177 2188 270 2252 nobii
307 2187 466 2269 rincipem
482 2185 587 2250 locum
602 2189 754 2266 tenuisse,
770 2209 878 2250 nonne
894 2196 1034 2263 naturae
1049 2197 1299 2252 cousentaneum

178 2271 245 2336 est?
276 2209 383 2344 guam
405 2279 551 2334 nostram
573 2273 765 2334 sententiam
780 2270 886 2335 verbis
909 2271 1081 2357 apolopiae
1102 2274 1212 2356 ipsius
1226 2295 1300 2336 con-

170 2355 312 2438 firmari
333 2355 492 2433 uidemus,
514 2376 587 2418 cum
609 2353 757 2440 leporius
781 2355 844 2437 (II,
870 2354 919 2418 16.
942 2355 1011 2436 31),
1034 2379 1104 2420 eum
1127 2380 1199 2420 cum
1222 2356 1300 2421 abiis

179 2441 226 2504 ad
247 2440 489 2503 Herimannnm
516 2460 623 2523 repam
652 2440 786 2502 missum
815 2461 891 2518 esse,
915 2449 952 2503 ut
973 2442 1004 2504 ei
1024 2441 1237 2525 supplicaret,
1259 2464 1300 2504 ne

178 2525 339 2588 euercitus
362 2521 536 2586 Senonum
557 2523 742 2586 coenobium
769 2523 963 2587 devastaret.

262 2607 336 2670 Iam
351 2629 426 2670 uero
450 2605 496 2669 ad
511 2605 649 2668 alteram
671 2629 807 2670 causam
829 2606 1063 2690 suplicandum
1084 2618 1299 2673 transeamus.

177 2693 300 2756 Notum
337 2699 391 2771 est,
427 2689 484 2753 illo
521 2698 662 2774 tempore
699 2713 772 2754 cum
807 2691 993 2777 Hartoipus
1031 2693 1300 2776 archiepiscopus

179 2774 477 2862 Mapdeburqensis
498 2796 572 2837 cum
593 2774 799 2840 Herimanno
821 2783 850 2837 ct
870 2775 1047 2839 Burcardo
1069 2777 1177 2859 episco
1203 2778 1233 2840 is
1255 2777 1300 2840 ad

177 2861 297 2924 Danas
313 2857 494 2944 fupissent,
521 2859 557 2921 in
581 2857 687 2922 locum
712 2857 842 2942 depulsi
871 2859 912 2923 ab
941 2861 1137 2943 imperatore
1185 2909 1192 2924 .
1217 2860 1300 2924 Idus

180 2943 287 3008 Iulias
318 2941 516 3008 anni1085.
544 2942 760 3091 Hortoipum,
783 2945 842 3029 qui
870 2967 971 3029 usquc
1002 2945 1047 3008 ad
1067 2942 1153 3009 ittae
1173 2954 1300 3028 tempus

179 3028 330 3093 abbatiae
360 3026 505 3091 coenobii
527 3026 663 3090 Hersod
687 3049 775 3091 ensis
798 3027 1008 3112 praefuerat,
1030 3026 1196 3112 suffectum
1225 3050 1301 3095 esse.

181 3112 262 3179 Oua
284 3121 392 3190 autem
413 3133 504 3174 auno
527 3110 620 3190 1088,
642 3121 767 3175 mortua
790 3113 967 3176 Burcardo
989 3114 1139 3196 episcopo
1162 3113 1299 3177 Hatber-

179 3197 338 3275 stadensi,
372 3195 555 3280 Hartoipus
586 3195 641 3260 itte
663 3195 811 3280 fuyatus
843 3197 880 3259 in
935 3198 1059 3260 ratium
1090 3197 1301 3282 imperatoris

179 3281 344 3361 rediisset,
376 3279 563 3364 Hartuiaus
599 3279 849 3344 Her-sneldensis
887 3219 934 3342 ab
961 3282 1157 3363 imperatore
1190 3283 1301 3345 iussus

180 3374 227 3428 est
248 3366 442 3450 episcopatu
470 3385 503 3426 se
532 3363 696 3427 abdicare.
741 3363 855 3447 Itaque
885 3363 962 3428 buic
992 3362 1078 3428 nibil
1106 3363 1201 3428 aliud
1225 3364 1299 3428 reli·

180 3471 281 3532 quum
296 3457 377 3528 erat,
398 3449 466 3510 nisi
484 3455 521 3510 ut
536 3447 764 3511 Hersueldiam
787 3447 918 3511 rediret.
946 3447 991 3511 At
1005 3457 1132 3534 quanta
1153 3450 1190 3512 in
1210 3471 1249 3511 ea
1265 3470 1301 3512 rs

179 3543 252 3597 erat
274 3531 455 3596 acerbitas!
501 3529 668 3604 Quantam
689 3531 767 3595 inde
788 3532 824 3594 in
847 3532 1075 3617 imperatorem
1096 3532 1301 3596 redundasse

179 3617 344 3682 inuidiam
357 3617 479 3699 putas!
504 3617 573 3680 Nec
588 3619 717 3697 mirum,
740 3615 829 3700 quod
845 3637 911 3679 non
931 3614 984 3681 ilie
1000 3615 1098 3696 sotus,
1121 3616 1177 3680 sed
1192 3617 1302 3681 cuncti

180 3702 299 3786 quibus
321 3708 483 3785 praeerat
508 3700 664 3764 monaobi
693 3699 924 3765 irascebantur
948 3703 1152 3784 imperatori,
1180 3701 1301 3785 quippe

179 3786 237 3870 qui
257 3795 325 3849 tam
340 3783 451 3847 leuiter
465 3782 665 3848 decretorum
679 3783 810 3850 concilii
824 3785 1018 3870 Mopuntini
1035 3785 1142 3867 (Maii
1156 3807 1187 3848 a.
1202 3784 1300 3864 1085)

183 3869 300 3933 oblitus
336 3877 423 3934 esset.
470 3866 576 3952 Atque
613 3891 686 3933 vero
723 3871 820 3933 etiam
856 3871 1084 3953 imperatorem
1119 3870 1301 3932 meminisse

174 3955 374 4037 putaverim,
397 3973 430 4015 se
445 3951 529 4014 male
543 3956 689 4038 qratiam
709 3953 890 4017 reddidisse
905 3953 1070 4038 Hortoipo
1087 3975 1154 4037 pro
1169 3953 1301 4037 mapnis

180 4039 252 4101 eius
284 4041 321 4102 in
354 4041 466 4122 ipsum
492 4037 618 4100 meritis
647 4046 675 4099 et
703 4038 853 4102 iniurias
880 4037 1023 4100 attulisse
1053 4036 1202 4100 omnibus
1233 4033 1302 4098 illis

182 4122 367 4186 bominibus
396 4120 461 4185 sibi
494 4121 647 4200 addictis,
680 4122 738 4204 qui
763 4130 840 4204 post
872 4122 1035 4206 synodum
1067 4120 1301 4204 Mopuntinam

181 4311 208 4373 ι)
229 4311 277 4363 ss.
297 4311 330 4375 v,
350 4329 376 4378 p.
397 4311 460 4364 eoo.
480 4312 543 4362 207.
