<?xml version="1.0" encoding="UTF-8"?>
<!DOCTYPE html PUBLIC "-//W3C//DTD XHTML 1.0 Transitional//EN"
    "http://www.w3.org/TR/xhtml1/DTD/xhtml1-transitional.dtd">
<html xmlns="http://www.w3.org/1999/xhtml" xml:lang="en" lang="en">
 <head>
  <title>
</title>
<meta http-equiv="Content-Type" content="text/html;charset=utf-8" />
  <meta name='ocr-system' content='tesseract 3.04.00' />
  <meta name='ocr-capabilities' content='ocr_page ocr_carea ocr_par ocr_line ocrx_word'/>
</head>
<body>
  <div class='ocr_page' id='page_1' title='image "./waltramiutvidet01schwgoog_0189.png"; bbox 0 0 3114 4814; ppageno 0'>
   <div class='ocr_carea' id='block_1_1' title="bbox 434 362 1265 414">
    <p class='ocr_par' dir='ltr' id='par_1_1' title="bbox 434 362 1265 414">
     <span class='ocr_line' id='line_1_1' title="bbox 434 362 1265 414; baseline 0.001 -2"><span class='ocrx_word' id='word_1_1' title='bbox 434 362 554 413; x_wconf 88' lang='lat' dir='ltr'>BRUNO</span> <span class='ocrx_word' id='word_1_2' title='bbox 573 362 623 411; x_wconf 87' lang='lat' dir='ltr'><strong>DE</strong></span> <span class='ocrx_word' id='word_1_3' title='bbox 642 363 761 414; x_wconf 84' lang='lat' dir='ltr'>BELLO</span> <span class='ocrx_word' id='word_1_4' title='bbox 783 363 970 414; x_wconf 81' lang='lat' dir='ltr'><strong>SAXONICO.</strong></span> <span class='ocrx_word' id='word_1_5' title='bbox 1250 366 1265 413; x_wconf 78' lang='lat'>7</span> 
     </span>
    </p>
   </div>
   <div class='ocr_carea' id='block_1_2' title="bbox 49 528 1384 3377">
    <p class='ocr_par' dir='ltr' id='par_1_2' title="bbox 142 528 1266 1116">
     <span class='ocr_line' id='line_1_2' title="bbox 145 528 1265 612; baseline -0.001 -17"><span class='ocrx_word' id='word_1_6' title='bbox 145 532 232 612; x_wconf 72' lang='lat' dir='ltr'><strong>Quia</strong></span> <span class='ocrx_word' id='word_1_7' title='bbox 254 551 354 594; x_wconf 93' lang='lat' dir='ltr'><strong>unum</strong></span> <span class='ocrx_word' id='word_1_8' title='bbox 377 538 487 594; x_wconf 88' lang='lat' dir='ltr'><strong>contra</strong></span> <span class='ocrx_word' id='word_1_9' title='bbox 509 531 577 593; x_wconf 90' lang='lat' dir='ltr'><strong>eius</strong></span> <span class='ocrx_word' id='word_1_10' title='bbox 600 529 797 595; x_wconf 88' lang='lat' dir='ltr'><strong>voluntatem</strong></span> <span class='ocrx_word' id='word_1_11' title='bbox 812 528 895 593; x_wconf 87' lang='lat' dir='ltr'><strong>dixit</strong></span> <span class='ocrx_word' id='word_1_12' title='bbox 908 528 1053 612; x_wconf 88' lang='lat' dir='ltr'><strong>verbum,</strong></span> <span class='ocrx_word' id='word_1_13' title='bbox 1076 529 1128 594; x_wconf 88' lang='lat' dir='ltr'><strong>vel</strong></span> <span class='ocrx_word' id='word_1_14' title='bbox 1144 540 1265 612; x_wconf 85' lang='lat' dir='ltr'><strong>tacens,</strong></span> 
     </span>
     <span class='ocr_line' id='line_1_3' title="bbox 142 611 1265 701; baseline -0.001 -23"><span class='ocrx_word' id='word_1_15' title='bbox 142 615 275 701; x_wconf 82' lang='lat' dir='ltr'><strong>aliquod</strong></span> <span class='ocrx_word' id='word_1_16' title='bbox 298 614 366 678; x_wconf 90' lang='lat' dir='ltr'><strong>eius</strong></span> <span class='ocrx_word' id='word_1_17' title='bbox 389 611 557 678; x_wconf 90' lang='lat' dir='ltr'><strong>eonsilium</strong></span> <span class='ocrx_word' id='word_1_18' title='bbox 579 612 641 678; x_wconf 83' lang='lat' dir='ltr'><strong>sibi</strong></span> <span class='ocrx_word' id='word_1_19' title='bbox 659 635 725 677; x_wconf 91' lang='lat' dir='ltr'><strong>non</strong></span> <span class='ocrx_word' id='word_1_20' title='bbox 738 611 873 698; x_wconf 89' lang='lat' dir='ltr'><strong>plaeere,</strong></span> <span class='ocrx_word' id='word_1_21' title='bbox 895 621 989 698; x_wconf 86' lang='lat' dir='ltr'><strong>gestu</strong></span> <span class='ocrx_word' id='word_1_22' title='bbox 1004 612 1147 699; x_wconf 90' lang='lat' dir='ltr'><strong>quolibet</strong></span> <span class='ocrx_word' id='word_1_23' title='bbox 1162 621 1265 678; x_wconf 90' lang='lat' dir='ltr'><strong>osten-</strong></span> 
     </span>
     <span class='ocr_line' id='line_1_4' title="bbox 144 695 1265 783; baseline 0.002 -21"><span class='ocrx_word' id='word_1_24' title='bbox 144 699 201 763; x_wconf 85' lang='lat' dir='ltr'><strong>dit.</strong></span> <span class='ocrx_word' id='word_1_25' title='bbox 239 696 357 762; x_wconf 86' lang='lat' dir='ltr'><strong>Multos</strong></span> <span class='ocrx_word' id='word_1_26' title='bbox 379 719 519 783; x_wconf 88' lang='lat' dir='ltr'><strong>namque</strong></span> <span class='ocrx_word' id='word_1_27' title='bbox 541 697 740 762; x_wconf 81' lang='lat' dir='ltr'><strong>consiliarios</strong></span> <span class='ocrx_word' id='word_1_28' title='bbox 761 695 910 778; x_wconf 88' lang='lat' dir='ltr'><strong>habebat,</strong></span> <span class='ocrx_word' id='word_1_29' title='bbox 932 696 988 761; x_wconf 91' lang='lat' dir='ltr'><strong>sed</strong></span> <span class='ocrx_word' id='word_1_30' title='bbox 1009 696 1115 761; x_wconf 92' lang='lat' dir='ltr'><strong>nullus</strong></span> <span class='ocrx_word' id='word_1_31' title='bbox 1137 698 1167 762; x_wconf 92' lang='lat' dir='ltr'><strong>ei</strong></span> <span class='ocrx_word' id='word_1_32' title='bbox 1188 698 1265 764; x_wconf 86' lang='lat' dir='ltr'><strong>dare</strong></span> 
     </span>
     <span class='ocr_line' id='line_1_5' title="bbox 144 779 1265 869; baseline -0.001 -22"><span class='ocrx_word' id='word_1_33' title='bbox 144 780 314 847; x_wconf 92' lang='lat' dir='ltr'><strong>consilium</strong></span> <span class='ocrx_word' id='word_1_34' title='bbox 328 781 478 859; x_wconf 81' lang='lat' dir='ltr'><strong>audebat,</strong></span> <span class='ocrx_word' id='word_1_35' title='bbox 495 782 557 845; x_wconf 91' lang='lat' dir='ltr'><strong>nisi</strong></span> <span class='ocrx_word' id='word_1_36' title='bbox 573 781 660 867; x_wconf 89' lang='lat' dir='ltr'><strong>quod</strong></span> <span class='ocrx_word' id='word_1_37' title='bbox 674 781 738 866; x_wconf 89' lang='lat' dir='ltr'><strong>ipsi</strong></span> <span class='ocrx_word' id='word_1_38' title='bbox 752 779 903 866; x_wconf 78' lang='lat' dir='ltr'><strong>placeret.</strong></span> <span class='ocrx_word' id='word_1_39' title='bbox 940 781 976 844; x_wconf 87' lang='lat' dir='ltr'><strong>Si</strong></span> <span class='ocrx_word' id='word_1_40' title='bbox 992 783 1064 869; x_wconf 90' lang='lat' dir='ltr'><strong>quis</strong></span> <span class='ocrx_word' id='word_1_41' title='bbox 1078 779 1130 852; x_wconf 76' lang='lat' dir='ltr'><strong>rel</strong></span> <span class='ocrx_word' id='word_1_42' title='bbox 1144 783 1265 846; x_wconf 90' lang='lat' dir='ltr'><strong>inscius</strong></span> 
     </span>
     <span class='ocr_line' id='line_1_6' title="bbox 143 863 1266 952; baseline -0.003 -21"><span class='ocrx_word' id='word_1_43' title='bbox 143 864 266 952; x_wconf 86' lang='lat' dir='ltr'><strong>aliquid</strong></span> <span class='ocrx_word' id='word_1_44' title='bbox 296 865 382 950; x_wconf 92' lang='lat' dir='ltr'><strong>quod</strong></span> <span class='ocrx_word' id='word_1_45' title='bbox 403 863 501 930; x_wconf 91' lang='lat' dir='ltr'><strong>nollet</strong></span> <span class='ocrx_word' id='word_1_46' title='bbox 522 867 552 928; x_wconf 91' lang='lat' dir='ltr'><strong>ei</strong></span> <span class='ocrx_word' id='word_1_47' title='bbox 575 863 771 946; x_wconf 80' lang='lat' dir='ltr'><strong>consulebat,</strong></span> <span class='ocrx_word' id='word_1_48' title='bbox 799 863 950 929; x_wconf 90' lang='lat' dir='ltr'><strong>delictum</strong></span> <span class='ocrx_word' id='word_1_49' title='bbox 973 865 1060 951; x_wconf 91' lang='lat' dir='ltr'><strong>quod</strong></span> <span class='ocrx_word' id='word_1_50' title='bbox 1082 865 1266 949; x_wconf 85' lang='lat' dir='ltr'><strong>ignoranter</strong></span> 
     </span>
     <span class='ocr_line' id='line_1_7' title="bbox 143 947 1265 1035; baseline -0.002 -20"><span class='ocrx_word' id='word_1_51' title='bbox 143 959 271 1035; x_wconf 84' lang='lat' dir='ltr'><strong>egerat,</strong></span> <span class='ocrx_word' id='word_1_52' title='bbox 304 950 355 1013; x_wconf 91' lang='lat' dir='ltr'><strong>sui</strong></span> <span class='ocrx_word' id='word_1_53' title='bbox 387 949 551 1033; x_wconf 85' lang='lat' dir='ltr'><strong>sanguinis</strong></span> <span class='ocrx_word' id='word_1_54' title='bbox 585 949 739 1014; x_wconf 86' lang='lat' dir='ltr'><strong>effusione</strong></span> <span class='ocrx_word' id='word_1_55' title='bbox 771 947 889 1014; x_wconf 89' lang='lat' dir='ltr'><strong>luebat.</strong></span> <span class='ocrx_word' id='word_1_56' title='bbox 941 948 1010 1012; x_wconf 87' lang='lat' dir='ltr'><strong>Nec</strong></span> <span class='ocrx_word' id='word_1_57' title='bbox 1043 947 1140 1012; x_wconf 92' lang='lat' dir='ltr'><strong>alicui</strong></span> <span class='ocrx_word' id='word_1_58' title='bbox 1173 970 1265 1013; x_wconf 87' lang='lat' dir='ltr'><strong>suam</strong></span> 
     </span>
     <span class='ocr_line' id='line_1_8' title="bbox 142 1031 1184 1116; baseline 0 -18"><span class='ocrx_word' id='word_1_59' title='bbox 142 1032 386 1100; x_wconf 86' lang='lat' dir='ltr'><strong>demonstrabat</strong></span> <span class='ocrx_word' id='word_1_60' title='bbox 406 1035 497 1116; x_wconf 89' lang='lat' dir='ltr'><strong>iram,</strong></span> <span class='ocrx_word' id='word_1_61' title='bbox 520 1032 623 1097; x_wconf 91' lang='lat' dir='ltr'><strong>donec</strong></span> <span class='ocrx_word' id='word_1_62' title='bbox 644 1033 771 1096; x_wconf 90' lang='lat' dir='ltr'><strong>incauto</strong></span> <span class='ocrx_word' id='word_1_63' title='bbox 794 1031 913 1097; x_wconf 88' lang='lat' dir='ltr'><strong>fac-eret</strong></span> <span class='ocrx_word' id='word_1_64' title='bbox 935 1032 1052 1097; x_wconf 89' lang='lat' dir='ltr'><strong>auferri</strong></span> <span class='ocrx_word' id='word_1_65' title='bbox 1073 1033 1184 1099; x_wconf 88' lang='lat' dir='ltr'><strong>vitam.</strong></span> 
     </span>
    </p>

    <p class='ocr_par' dir='ltr' id='par_1_3' title="bbox 49 1115 1384 3377">
     <span class='ocr_line' id='line_1_9' title="bbox 49 1115 1266 1198; baseline -0.001 -18"><span class='ocrx_word' id='word_1_66' title='bbox 49 1115 52 1123; x_wconf 71' lang='lat'>&#39;</span> <span class='ocrx_word' id='word_1_67' title='bbox 230 1119 280 1181; x_wconf 92' lang='grc'><strong>11.</strong></span> <span class='ocrx_word' id='word_1_68' title='bbox 324 1117 464 1198; x_wconf 74' lang='lat' dir='ltr'><strong>Quidam</strong></span> <span class='ocrx_word' id='word_1_69' title='bbox 493 1116 533 1180; x_wconf 91' lang='lat' dir='ltr'><strong>de</strong></span> <span class='ocrx_word' id='word_1_70' title='bbox 562 1117 741 1181; x_wconf 83' lang='lat' dir='ltr'><strong>secretariis</strong></span> <span class='ocrx_word' id='word_1_71' title='bbox 770 1117 836 1179; x_wconf 88' lang='lat' dir='ltr'><strong>suis</strong></span> <span class='ocrx_word' id='word_1_72' title='bbox 864 1117 991 1180; x_wconf 91' lang='lat' dir='ltr'><strong>nomine</strong></span> <span class='ocrx_word' id='word_1_73' title='bbox 1023 1115 1201 1198; x_wconf 78' lang='lat' dir='ltr'><strong>Comedus,</strong></span> <span class='ocrx_word' id='word_1_74' title='bbox 1225 1155 1266 1165; x_wconf 89' lang='lat'><em>—</em></span> 
     </span>
     <span class='ocr_line' id='line_1_10' title="bbox 143 1199 1265 1284; baseline 0 -20"><span class='ocrx_word' id='word_1_75' title='bbox 143 1202 268 1264; x_wconf 86' lang='lat' dir='ltr'><strong>iuvenis</strong></span> <span class='ocrx_word' id='word_1_76' title='bbox 290 1200 455 1265; x_wconf 88' lang='lat' dir='ltr'><strong>nobilitate</strong></span> <span class='ocrx_word' id='word_1_77' title='bbox 478 1211 509 1265; x_wconf 90' lang='lat' dir='ltr'><strong>et</strong></span> <span class='ocrx_word' id='word_1_78' title='bbox 531 1200 673 1265; x_wconf 91' lang='lat' dir='ltr'><strong>moribus</strong></span> <span class='ocrx_word' id='word_1_79' title='bbox 694 1200 840 1284; x_wconf 89' lang='lat' dir='ltr'><strong>insignis,</strong></span> <span class='ocrx_word' id='word_1_80' title='bbox 863 1201 891 1262; x_wconf 90' lang='lat' dir='ltr'><strong>si</strong></span> <span class='ocrx_word' id='word_1_81' title='bbox 913 1200 974 1264; x_wconf 90' lang='lat' dir='ltr'><strong>hoc</strong></span> <span class='ocrx_word' id='word_1_82' title='bbox 996 1199 1099 1263; x_wconf 89' lang='lat' dir='ltr'><strong>solum</strong></span> <span class='ocrx_word' id='word_1_83' title='bbox 1122 1200 1152 1263; x_wconf 88' lang='lat' dir='ltr'><strong>ei</strong></span> <span class='ocrx_word' id='word_1_84' title='bbox 1174 1200 1265 1264; x_wconf 87' lang='lat' dir='ltr'><strong>Deus</strong></span> 
     </span>
     <span class='ocr_line' id='line_1_11' title="bbox 144 1282 1266 1368; baseline -0.003 -19"><span class='ocrx_word' id='word_1_85' title='bbox 144 1283 295 1367; x_wconf 86' lang='lat' dir='ltr'><strong>dedisset,</strong></span> <span class='ocrx_word' id='word_1_86' title='bbox 325 1294 360 1348; x_wconf 92' lang='lat' dir='ltr'><strong>ut</strong></span> <span class='ocrx_word' id='word_1_87' title='bbox 389 1282 589 1348; x_wconf 87' lang='lat' dir='ltr'><strong>consiliarius</strong></span> <span class='ocrx_word' id='word_1_88' title='bbox 616 1285 701 1368; x_wconf 92' lang='lat' dir='ltr'><strong>regis</strong></span> <span class='ocrx_word' id='word_1_89' title='bbox 724 1305 902 1368; x_wconf 90' lang='lat' dir='ltr'><strong>numquam</strong></span> <span class='ocrx_word' id='word_1_90' title='bbox 924 1283 1038 1348; x_wconf 89' lang='lat' dir='ltr'><strong>fuisset</strong></span> <span class='ocrx_word' id='word_1_91' title='bbox 1060 1323 1097 1332; x_wconf 89' lang='lat'><em>-</em></span> <span class='ocrx_word' id='word_1_92' title='bbox 1122 1283 1174 1347; x_wconf 92' lang='lat' dir='ltr'><strong>hic</strong></span> <span class='ocrx_word' id='word_1_93' title='bbox 1197 1292 1266 1347; x_wconf 92' lang='lat' dir='ltr'><strong>erat</strong></span> 
     </span>
     <span class='ocr_line' id='line_1_12' title="bbox 145 1366 1265 1454; baseline 0 -23"><span class='ocrx_word' id='word_1_94' title='bbox 145 1367 286 1454; x_wconf 89' lang='lat' dir='ltr'><strong>quadam</strong></span> <span class='ocrx_word' id='word_1_95' title='bbox 314 1367 366 1432; x_wconf 90' lang='lat' dir='ltr'><strong>die</strong></span> <span class='ocrx_word' id='word_1_96' title='bbox 396 1366 576 1450; x_wconf 81' lang='lat' dir='ltr'><strong>Gcslariae,</strong></span> <span class='ocrx_word' id='word_1_97' title='bbox 611 1376 715 1432; x_wconf 88' lang='lat' dir='ltr'><strong>certus</strong></span> <span class='ocrx_word' id='word_1_98' title='bbox 745 1391 779 1431; x_wconf 90' lang='lat' dir='ltr'><strong>se</strong></span> <span class='ocrx_word' id='word_1_99' title='bbox 808 1377 874 1431; x_wconf 83' lang='lat' dir='ltr'><strong>tam</strong></span> <span class='ocrx_word' id='word_1_100' title='bbox 902 1367 983 1432; x_wconf 89' lang='lat' dir='ltr'><strong>bene</strong></span> <span class='ocrx_word' id='word_1_101' title='bbox 1012 1369 1149 1453; x_wconf 88' lang='lat' dir='ltr'><strong>gratiam</strong></span> <span class='ocrx_word' id='word_1_102' title='bbox 1178 1369 1265 1452; x_wconf 89' lang='lat' dir='ltr'><strong>regis</strong></span> 
     </span>
     <span class='ocr_line' id='line_1_13' title="bbox 144 1449 1266 1536; baseline -0.002 -20"><span class='ocrx_word' id='word_1_103' title='bbox 144 1451 274 1535; x_wconf 89' lang='lat' dir='ltr'><strong>habere,</strong></span> <span class='ocrx_word' id='word_1_104' title='bbox 305 1452 389 1516; x_wconf 91' lang='lat' dir='ltr'><strong>sicut</strong></span> <span class='ocrx_word' id='word_1_105' title='bbox 416 1462 494 1516; x_wconf 92' lang='lat' dir='ltr'><strong>tune</strong></span> <span class='ocrx_word' id='word_1_106' title='bbox 524 1473 596 1516; x_wconf 89' lang='lat' dir='ltr'><strong>cum</strong></span> <span class='ocrx_word' id='word_1_107' title='bbox 624 1473 695 1516; x_wconf 88' lang='lat' dir='ltr'><strong>eam</strong></span> <span class='ocrx_word' id='word_1_108' title='bbox 723 1449 863 1515; x_wconf 91' lang='lat' dir='ltr'><strong>habebat</strong></span> <span class='ocrx_word' id='word_1_109' title='bbox 892 1453 1022 1536; x_wconf 88' lang='lat' dir='ltr'><strong>optime.</strong></span> <span class='ocrx_word' id='word_1_110' title='bbox 1064 1451 1137 1516; x_wconf 86' lang='lat' dir='ltr'><strong>Rex</strong></span> <span class='ocrx_word' id='word_1_111' title='bbox 1158 1461 1266 1516; x_wconf 88' lang='lat' dir='ltr'><strong>autem</strong></span> 
     </span>
     <span class='ocr_line' id='line_1_14' title="bbox 145 1533 1266 1621; baseline -0.003 -20"><span class='ocrx_word' id='word_1_112' title='bbox 145 1545 215 1601; x_wconf 90' lang='lat' dir='ltr'><strong>erat</strong></span> <span class='ocrx_word' id='word_1_113' title='bbox 228 1537 263 1598; x_wconf 93' lang='lat' dir='ltr'><strong>in</strong></span> <span class='ocrx_word' id='word_1_114' title='bbox 277 1535 496 1620; x_wconf 80' lang='lat' dir='ltr'><strong>Hertesburga</strong></span> <span class='ocrx_word' id='word_1_115' title='bbox 519 1533 657 1617; x_wconf 89' lang='lat' dir='ltr'><strong>castello,</strong></span> <span class='ocrx_word' id='word_1_116' title='bbox 681 1557 745 1620; x_wconf 91' lang='lat' dir='ltr'><strong>quo</strong></span> <span class='ocrx_word' id='word_1_117' title='bbox 760 1537 905 1620; x_wconf 83' lang='lat' dir='ltr'><strong>praeterb</strong></span> <span class='ocrx_word' id='word_1_118' title='bbox 921 1557 986 1618; x_wconf 92' lang='lat' dir='ltr'><strong>eos,</strong></span> <span class='ocrx_word' id='word_1_119' title='bbox 1009 1537 1065 1621; x_wconf 91' lang='lat' dir='ltr'><strong>qui</strong></span> <span class='ocrx_word' id='word_1_120' title='bbox 1086 1535 1266 1599; x_wconf 87' lang='lat' dir='ltr'><strong>facinorum</strong></span> 
     </span>
     <span class='ocr_line' id='line_1_15' title="bbox 146 1618 1267 1706; baseline 0 -24"><span class='ocrx_word' id='word_1_121' title='bbox 146 1620 249 1706; x_wconf 92' lang='lat' dir='ltr'><strong>ipsius</strong></span> <span class='ocrx_word' id='word_1_122' title='bbox 276 1629 367 1683; x_wconf 89' lang='lat' dir='ltr'><strong>erant</strong></span> <span class='ocrx_word' id='word_1_123' title='bbox 394 1619 515 1684; x_wconf 87' lang='lat' dir='ltr'><strong>conscii</strong></span> <span class='ocrx_word' id='word_1_124' title='bbox 542 1627 573 1682; x_wconf 92' lang='lat' dir='ltr'><strong>et</strong></span> <span class='ocrx_word' id='word_1_125' title='bbox 593 1618 741 1700; x_wconf 87' lang='lat' dir='ltr'><strong>fautores,</strong></span> <span class='ocrx_word' id='word_1_126' title='bbox 770 1618 877 1682; x_wconf 90' lang='lat' dir='ltr'><strong>nullus</strong></span> <span class='ocrx_word' id='word_1_127' title='bbox 899 1620 962 1682; x_wconf 90' lang='lat' dir='ltr'><strong>nisi</strong></span> <span class='ocrx_word' id='word_1_128' title='bbox 982 1619 1111 1684; x_wconf 91' lang='lat' dir='ltr'><strong>nomine</strong></span> <span class='ocrx_word' id='word_1_129' title='bbox 1132 1627 1267 1683; x_wconf 88' lang='lat' dir='ltr'><strong>vocatus</strong></span> 
     </span>
     <span class='ocr_line' id='line_1_16' title="bbox 144 1701 1344 1786; baseline -0.001 -19"><span class='ocrx_word' id='word_1_130' title='bbox 144 1703 351 1768; x_wconf 86' lang='lat' dir='ltr'><strong>ascendebat.</strong></span> <span class='ocrx_word' id='word_1_131' title='bbox 386 1704 487 1768; x_wconf 87' lang='lat' dir='ltr'><strong>Mittit</strong></span> <span class='ocrx_word' id='word_1_132' title='bbox 509 1725 586 1786; x_wconf 87' lang='lat' dir='ltr'><strong>ergo</strong></span> <span class='ocrx_word' id='word_1_133' title='bbox 607 1725 666 1768; x_wconf 86' lang='lat' dir='ltr'><strong>rex</strong></span> <span class='ocrx_word' id='word_1_134' title='bbox 690 1701 881 1784; x_wconf 80' lang='lat' dir='ltr'><strong>Goslariam,</strong></span> <span class='ocrx_word' id='word_1_135' title='bbox 903 1704 1018 1768; x_wconf 90' lang='lat' dir='ltr'><strong>iubens</strong></span> <span class='ocrx_word' id='word_1_136' title='bbox 1040 1711 1076 1766; x_wconf 92' lang='lat' dir='ltr'><strong>ut</strong></span> <span class='ocrx_word' id='word_1_137' title='bbox 1099 1701 1267 1768; x_wconf 86' lang='lat' dir='ltr'><strong>Oonradus</strong></span> <span class='ocrx_word' id='word_1_138' title='bbox 1340 1771 1344 1780; x_wconf 57' lang='grc'>,</span> 
     </span>
     <span class='ocr_line' id='line_1_17' title="bbox 146 1785 1267 1870; baseline -0.002 -19"><span class='ocrx_word' id='word_1_139' title='bbox 146 1786 247 1852; x_wconf 89' lang='lat' dir='ltr'><strong>adse</strong></span> <span class='ocrx_word' id='word_1_140' title='bbox 274 1788 428 1852; x_wconf 87' lang='lat' dir='ltr'><strong>citissime</strong></span> <span class='ocrx_word' id='word_1_141' title='bbox 457 1788 574 1868; x_wconf 89' lang='lat' dir='ltr'><strong>veniat,</strong></span> <span class='ocrx_word' id='word_1_142' title='bbox 602 1797 635 1851; x_wconf 93' lang='lat' dir='ltr'><strong>et</strong></span> <span class='ocrx_word' id='word_1_143' title='bbox 655 1785 778 1850; x_wconf 92' lang='lat' dir='ltr'><strong>nullum</strong></span> <span class='ocrx_word' id='word_1_144' title='bbox 799 1796 926 1870; x_wconf 90' lang='lat' dir='ltr'><strong>praeter</strong></span> <span class='ocrx_word' id='word_1_145' title='bbox 947 1787 1140 1870; x_wconf 88' lang='lat' dir='ltr'><strong>armigerum</strong></span> <span class='ocrx_word' id='word_1_146' title='bbox 1164 1809 1267 1868; x_wconf 90' lang='lat' dir='ltr'><strong>suum,</strong></span> 
     </span>
     <span class='ocr_line' id='line_1_18' title="bbox 148 1869 1268 1969; baseline 0 -35"><span class='ocrx_word' id='word_1_147' title='bbox 148 1872 206 1969; x_wconf 89' lang='lat' dir='ltr'><strong>qui</strong></span> <span class='ocrx_word' id='word_1_148' title='bbox 235 1893 269 1936; x_wconf 86' lang='lat' dir='ltr'><strong>se</strong></span> <span class='ocrx_word' id='word_1_149' title='bbox 296 1873 465 1937; x_wconf 90' lang='lat' dir='ltr'><strong>comitetur</strong></span> <span class='ocrx_word' id='word_1_150' title='bbox 490 1880 641 1934; x_wconf 87' lang='lat' dir='ltr'><strong>assumat.</strong></span> <span class='ocrx_word' id='word_1_151' title='bbox 685 1869 742 1934; x_wconf 90' lang='lat' dir='ltr'><strong>Ille</strong></span> <span class='ocrx_word' id='word_1_152' title='bbox 769 1892 804 1933; x_wconf 85' lang='lat' dir='ltr'><strong>se</strong></span> <span class='ocrx_word' id='word_1_153' title='bbox 830 1881 946 1954; x_wconf 92' lang='lat' dir='ltr'><strong>putans</strong></span> <span class='ocrx_word' id='word_1_154' title='bbox 976 1869 1019 1932; x_wconf 90' lang='lat' dir='ltr'><strong>ad</strong></span> <span class='ocrx_word' id='word_1_155' title='bbox 1040 1869 1170 1955; x_wconf 88' lang='lat' dir='ltr'><strong>aliquod</strong></span> <span class='ocrx_word' id='word_1_156' title='bbox 1193 1892 1268 1934; x_wconf 91' lang='lat' dir='ltr'><strong>con-</strong></span> 
     </span>
     <span class='ocr_line' id='line_1_19' title="bbox 149 1951 1267 2039; baseline -0.001 -21"><span class='ocrx_word' id='word_1_157' title='bbox 149 1953 266 2036; x_wconf 79' lang='lat' dir='ltr'><strong>silium,</strong></span> <span class='ocrx_word' id='word_1_158' title='bbox 296 1956 349 2018; x_wconf 93' lang='lat' dir='ltr'><strong>cui</strong></span> <span class='ocrx_word' id='word_1_159' title='bbox 377 1954 455 2018; x_wconf 89' lang='lat' dir='ltr'><strong>nulli</strong></span> <span class='ocrx_word' id='word_1_160' title='bbox 481 1963 609 2039; x_wconf 89' lang='lat' dir='ltr'><strong>praeter</strong></span> <span class='ocrx_word' id='word_1_161' title='bbox 636 1977 669 2018; x_wconf 92' lang='lat' dir='ltr'><strong>se</strong></span> <span class='ocrx_word' id='word_1_162' title='bbox 690 1951 799 2018; x_wconf 87' lang='lat' dir='ltr'><strong>liceret</strong></span> <span class='ocrx_word' id='word_1_163' title='bbox 820 1953 942 2034; x_wconf 88' lang='lat' dir='ltr'><strong>adesse,</strong></span> <span class='ocrx_word' id='word_1_164' title='bbox 971 1954 1089 2035; x_wconf 85' lang='lat' dir='ltr'><strong>vocari,</strong></span> <span class='ocrx_word' id='word_1_165' title='bbox 1113 1961 1148 2016; x_wconf 93' lang='lat' dir='ltr'><strong>ut</strong></span> <span class='ocrx_word' id='word_1_166' title='bbox 1169 1953 1267 2017; x_wconf 91' lang='lat' dir='ltr'><strong>fidem</strong></span> 
     </span>
     <span class='ocr_line' id='line_1_20' title="bbox 149 2035 1269 2136; baseline -0.002 -34"><span class='ocrx_word' id='word_1_167' title='bbox 149 2060 241 2102; x_wconf 89' lang='lat' dir='ltr'><strong>suam</strong></span> <span class='ocrx_word' id='word_1_168' title='bbox 271 2039 424 2104; x_wconf 89' lang='lat' dir='ltr'><strong>maiorem</strong></span> <span class='ocrx_word' id='word_1_169' title='bbox 453 2037 642 2121; x_wconf 86' lang='lat' dir='ltr'><strong>ostenderet,</strong></span> <span class='ocrx_word' id='word_1_170' title='bbox 671 2039 767 2102; x_wconf 88' lang='lat' dir='ltr'><strong>etiam</strong></span> <span class='ocrx_word' id='word_1_171' title='bbox 794 2035 866 2122; x_wconf 87' lang='lat' dir='ltr'><strong>plus</strong></span> <span class='ocrx_word' id='word_1_172' title='bbox 898 2058 994 2136; x_wconf 91' lang='lat' dir='ltr'><strong>quam</strong></span> <span class='ocrx_word' id='word_1_173' title='bbox 1022 2037 1128 2100; x_wconf 89' lang='lat' dir='ltr'><strong>iussus</strong></span> <span class='ocrx_word' id='word_1_174' title='bbox 1156 2036 1269 2100; x_wconf 89' lang='lat' dir='ltr'><strong>fuisset</strong></span> 
     </span>
     <span class='ocr_line' id='line_1_21' title="bbox 150 2121 1268 2218; baseline -0.002 -32"><span class='ocrx_word' id='word_1_175' title='bbox 150 2121 236 2204; x_wconf 91' lang='lat' dir='ltr'><strong>fecit,</strong></span> <span class='ocrx_word' id='word_1_176' title='bbox 265 2132 296 2187; x_wconf 91' lang='lat' dir='ltr'><strong>et</strong></span> <span class='ocrx_word' id='word_1_177' title='bbox 323 2124 393 2208; x_wconf 92' lang='lat' dir='ltr'><strong>ipse</strong></span> <span class='ocrx_word' id='word_1_178' title='bbox 415 2145 492 2186; x_wconf 92' lang='lat' dir='ltr'><strong>suus</strong></span> <span class='ocrx_word' id='word_1_179' title='bbox 514 2123 653 2207; x_wconf 84' lang='lat' dir='ltr'><strong>armiger</strong></span> <span class='ocrx_word' id='word_1_180' title='bbox 674 2121 788 2202; x_wconf 75' lang='lat' dir='ltr'><strong>factuS,</strong></span> <span class='ocrx_word' id='word_1_181' title='bbox 811 2129 934 2185; x_wconf 81' lang='lat' dir='ltr'><strong>cunctis</strong></span> <span class='ocrx_word' id='word_1_182' title='bbox 955 2122 1157 2186; x_wconf 90' lang='lat' dir='ltr'><strong>incomitatus</strong></span> <span class='ocrx_word' id='word_1_183' title='bbox 1179 2121 1268 2218; x_wconf 85' lang='lat' dir='ltr'><strong>equi-</strong></span> 
     </span>
     <span class='ocr_line' id='line_1_22' title="bbox 149 2203 1270 2290; baseline -0.002 -20"><span class='ocrx_word' id='word_1_184' title='bbox 149 2208 239 2271; x_wconf 85' lang='lat' dir='ltr'><strong>tavit.</strong></span> <span class='ocrx_word' id='word_1_185' title='bbox 282 2207 371 2290; x_wconf 84' lang='lat' dir='ltr'><strong>Ergo</strong></span> <span class='ocrx_word' id='word_1_186' title='bbox 398 2207 529 2270; x_wconf 91' lang='lat' dir='ltr'><strong>veniens</strong></span> <span class='ocrx_word' id='word_1_187' title='bbox 558 2207 592 2268; x_wconf 93' lang='lat' dir='ltr'><strong>in</strong></span> <span class='ocrx_word' id='word_1_188' title='bbox 621 2205 733 2270; x_wconf 90' lang='lat' dir='ltr'><strong>silvam</strong></span> <span class='ocrx_word' id='word_1_189' title='bbox 759 2204 841 2268; x_wconf 91' lang='lat' dir='ltr'><strong>vidit</strong></span> <span class='ocrx_word' id='word_1_190' title='bbox 867 2203 1018 2286; x_wconf 87' lang='lat' dir='ltr'><strong>insidias,</strong></span> <span class='ocrx_word' id='word_1_191' title='bbox 1047 2226 1107 2268; x_wconf 90' lang='lat' dir='ltr'><strong>nec</strong></span> <span class='ocrx_word' id='word_1_192' title='bbox 1134 2203 1270 2269; x_wconf 83' lang='lat' dir='ltr'><strong>credidit</strong></span> 
     </span>
     <span class='ocr_line' id='line_1_23' title="bbox 150 2287 1269 2376; baseline -0.004 -20"><span class='ocrx_word' id='word_1_193' title='bbox 150 2312 205 2356; x_wconf 91' lang='lat' dir='ltr'><strong>eas</strong></span> <span class='ocrx_word' id='word_1_194' title='bbox 234 2291 295 2356; x_wconf 88' lang='lat' dir='ltr'><strong>sibi</strong></span> <span class='ocrx_word' id='word_1_195' title='bbox 322 2301 465 2375; x_wconf 72' lang='lat' dir='ltr'><strong>paratas,</strong></span> <span class='ocrx_word' id='word_1_196' title='bbox 496 2301 604 2355; x_wconf 88' lang='lat' dir='ltr'><strong>tamen</strong></span> <span class='ocrx_word' id='word_1_197' title='bbox 627 2291 711 2376; x_wconf 92' lang='lat' dir='ltr'><strong>quia,</strong></span> <span class='ocrx_word' id='word_1_198' title='bbox 734 2298 845 2374; x_wconf 90' lang='lat' dir='ltr'><strong>utpote</strong></span> <span class='ocrx_word' id='word_1_199' title='bbox 868 2287 963 2370; x_wconf 89' lang='lat' dir='ltr'><strong>solus,</strong></span> <span class='ocrx_word' id='word_1_200' title='bbox 984 2297 1107 2352; x_wconf 89' lang='lat' dir='ltr'><strong>tantam</strong></span> <span class='ocrx_word' id='word_1_201' title='bbox 1128 2287 1269 2352; x_wconf 84' lang='lat' dir='ltr'><strong>multitu-</strong></span> 
     </span>
     <span class='ocr_line' id='line_1_24' title="bbox 149 2371 1268 2459; baseline -0.002 -21"><span class='ocrx_word' id='word_1_202' title='bbox 149 2373 260 2438; x_wconf 92' lang='lat' dir='ltr'><strong>dinem</strong></span> <span class='ocrx_word' id='word_1_203' title='bbox 289 2375 404 2453; x_wconf 89' lang='lat' dir='ltr'><strong>timuit,</strong></span> <span class='ocrx_word' id='word_1_204' title='bbox 438 2373 606 2438; x_wconf 91' lang='lat' dir='ltr'><strong>ecclesiam</strong></span> <span class='ocrx_word' id='word_1_205' title='bbox 635 2395 718 2459; x_wconf 90' lang='lat' dir='ltr'><strong>quae</strong></span> <span class='ocrx_word' id='word_1_206' title='bbox 746 2395 848 2458; x_wconf 91' lang='lat' dir='ltr'><strong>prope</strong></span> <span class='ocrx_word' id='word_1_207' title='bbox 877 2383 945 2436; x_wconf 88' lang='lat' dir='ltr'><strong>erat</strong></span> <span class='ocrx_word' id='word_1_208' title='bbox 974 2371 1117 2436; x_wconf 88' lang='lat' dir='ltr'><strong>celeriter</strong></span> <span class='ocrx_word' id='word_1_209' title='bbox 1145 2372 1268 2457; x_wconf 84' lang='lat' dir='ltr'><strong>petivit</strong></span> 
     </span>
     <span class='ocr_line' id='line_1_25' title="bbox 151 2454 1271 2542; baseline -0.003 -21"><span class='ocrx_word' id='word_1_210' title='bbox 151 2457 357 2521; x_wconf 90' lang='lat' dir='ltr'><strong>Burchardus</strong></span> <span class='ocrx_word' id='word_1_211' title='bbox 393 2457 562 2520; x_wconf 90' lang='lat' dir='ltr'><strong>Misnensis</strong></span> <span class='ocrx_word' id='word_1_212' title='bbox 597 2455 797 2542; x_wconf 86' lang='lat' dir='ltr'><strong>praefectus,</strong></span> <span class='ocrx_word' id='word_1_213' title='bbox 836 2457 928 2520; x_wconf 92' lang='lat' dir='ltr'><strong>huius</strong></span> <span class='ocrx_word' id='word_1_214' title='bbox 963 2454 1122 2520; x_wconf 91' lang='lat' dir='ltr'><strong>latrocinii</strong></span> <span class='ocrx_word' id='word_1_215' title='bbox 1157 2454 1271 2520; x_wconf 90' lang='lat' dir='ltr'><strong>ductor</strong></span> 
     </span>
     <span class='ocr_line' id='line_1_26' title="bbox 152 2537 1269 2626; baseline -0.003 -22"><span class='ocrx_word' id='word_1_216' title='bbox 152 2541 377 2626; x_wconf 86' lang='lat' dir='ltr'><strong>nequissimus,</strong></span> <span class='ocrx_word' id='word_1_217' title='bbox 406 2541 448 2602; x_wconf 90' lang='lat' dir='ltr'><strong>ad</strong></span> <span class='ocrx_word' id='word_1_218' title='bbox 476 2539 646 2605; x_wconf 90' lang='lat' dir='ltr'><strong>ecclesiam</strong></span> <span class='ocrx_word' id='word_1_219' title='bbox 675 2541 828 2626; x_wconf 88' lang='lat' dir='ltr'><strong>sequitur,</strong></span> <span class='ocrx_word' id='word_1_220' title='bbox 856 2540 885 2603; x_wconf 92' lang='lat' dir='ltr'><strong>ei</strong></span> <span class='ocrx_word' id='word_1_221' title='bbox 908 2561 957 2620; x_wconf 93' lang='lat' dir='ltr'><strong>ue,</strong></span> <span class='ocrx_word' id='word_1_222' title='bbox 987 2540 1014 2602; x_wconf 90' lang='lat' dir='ltr'><strong>si</strong></span> <span class='ocrx_word' id='word_1_223' title='bbox 1043 2537 1120 2603; x_wconf 81' lang='lat' dir='ltr'><strong>velit</strong></span> <span class='ocrx_word' id='word_1_224' title='bbox 1149 2539 1269 2624; x_wconf 86' lang='lat' dir='ltr'><strong>egredi,</strong></span> 
     </span>
     <span class='ocr_line' id='line_1_27' title="bbox 153 2562 1270 2710; baseline -0.002 -22"><span class='ocrx_word' id='word_1_225' title='bbox 153 2624 240 2710; x_wconf 92' lang='lat' dir='ltr'><strong>quod</strong></span> <span class='ocrx_word' id='word_1_226' title='bbox 261 2622 360 2686; x_wconf 89' lang='lat' dir='ltr'><strong>nichil</strong></span> <span class='ocrx_word' id='word_1_227' title='bbox 379 2623 456 2686; x_wconf 85' lang='lat' dir='ltr'><strong>mali</strong></span> <span class='ocrx_word' id='word_1_228' title='bbox 500 2624 617 2687; x_wconf 88' lang='lat' dir='ltr'><strong>atiatur</strong></span> <span class='ocrx_word' id='word_1_229' title='bbox 637 2625 672 2688; x_wconf 93' lang='lat' dir='ltr'><strong>in</strong></span> <span class='ocrx_word' id='word_1_230' title='bbox 687 2645 745 2686; x_wconf 89' lang='lat' dir='ltr'><strong>sua</strong></span> <span class='ocrx_word' id='word_1_231' title='bbox 759 2622 823 2686; x_wconf 90' lang='lat' dir='ltr'><strong>fide</strong></span> <span class='ocrx_word' id='word_1_232' title='bbox 837 2562 1014 2708; x_wconf 74' lang='lat' dir='ltr'><strong>pollicetur.</strong></span> <span class='ocrx_word' id='word_1_233' title='bbox 1050 2619 1107 2686; x_wconf 90' lang='lat' dir='ltr'><strong>Ille</strong></span> <span class='ocrx_word' id='word_1_234' title='bbox 1122 2623 1270 2708; x_wconf 86' lang='lat' dir='ltr'><strong>quamvis</strong></span> 
     </span>
     <span class='ocr_line' id='line_1_28' title="bbox 151 2645 1271 2792; baseline -0.004 -20"><span class='ocrx_word' id='word_1_235' title='bbox 151 2709 183 2772; x_wconf 91' lang='lat' dir='ltr'><strong>ei</strong></span> <span class='ocrx_word' id='word_1_236' title='bbox 209 2706 328 2771; x_wconf 91' lang='lat' dir='ltr'><strong>nullam</strong></span> <span class='ocrx_word' id='word_1_237' title='bbox 354 2706 451 2772; x_wconf 90' lang='lat' dir='ltr'><strong>fidem</strong></span> <span class='ocrx_word' id='word_1_238' title='bbox 476 2645 619 2789; x_wconf 69' lang='lat' dir='ltr'><strong>baberet,</strong></span> <span class='ocrx_word' id='word_1_239' title='bbox 649 2718 756 2772; x_wconf 88' lang='lat' dir='ltr'><strong>tamen</strong></span> <span class='ocrx_word' id='word_1_240' title='bbox 785 2707 889 2770; x_wconf 92' lang='lat' dir='ltr'><strong>sciens</strong></span> <span class='ocrx_word' id='word_1_241' title='bbox 912 2705 1048 2792; x_wconf 88' lang='lat' dir='ltr'><strong>quodsi</strong></span> <span class='ocrx_word' id='word_1_242' title='bbox 1070 2715 1184 2790; x_wconf 93' lang='lat' dir='ltr'><strong>sponte</strong></span> <span class='ocrx_word' id='word_1_243' title='bbox 1206 2727 1271 2769; x_wconf 92' lang='lat' dir='ltr'><strong>non</strong></span> 
     </span>
     <span class='ocr_line' id='line_1_29' title="bbox 151 2789 1271 2876; baseline -0.004 -20"><span class='ocrx_word' id='word_1_244' title='bbox 151 2793 264 2874; x_wconf 90' lang='lat' dir='ltr'><strong>exiret,</strong></span> <span class='ocrx_word' id='word_1_245' title='bbox 286 2790 440 2857; x_wconf 91' lang='lat' dir='ltr'><strong>ecclesiae</strong></span> <span class='ocrx_word' id='word_1_246' title='bbox 462 2813 528 2855; x_wconf 94' lang='lat' dir='ltr'><strong>non</strong></span> <span class='ocrx_word' id='word_1_247' title='bbox 549 2801 725 2876; x_wconf 90' lang='lat' dir='ltr'><strong>parcerent,</strong></span> <span class='ocrx_word' id='word_1_248' title='bbox 757 2791 856 2854; x_wconf 85' lang='lat' dir='ltr'><strong>exivit</strong></span> <span class='ocrx_word' id='word_1_249' title='bbox 877 2791 1010 2876; x_wconf 90' lang='lat' dir='ltr'><strong>eiusque</strong></span> <span class='ocrx_word' id='word_1_250' title='bbox 1032 2811 1065 2853; x_wconf 91' lang='lat' dir='ltr'><strong>se</strong></span> <span class='ocrx_word' id='word_1_251' title='bbox 1088 2789 1163 2854; x_wconf 90' lang='lat' dir='ltr'><strong>fidei</strong></span> <span class='ocrx_word' id='word_1_252' title='bbox 1185 2810 1271 2852; x_wconf 91' lang='lat' dir='ltr'><strong>com-</strong></span> 
     </span>
     <span class='ocr_line' id='line_1_30' title="bbox 152 2873 1271 2956; baseline -0.004 -16"><span class='ocrx_word' id='word_1_253' title='bbox 152 2877 326 2940; x_wconf 89' lang='lat' dir='ltr'><strong>mendavit.</strong></span> <span class='ocrx_word' id='word_1_254' title='bbox 370 2876 474 2956; x_wconf 77' lang='lat' dir='ltr'><strong>Quem</strong></span> <span class='ocrx_word' id='word_1_255' title='bbox 497 2875 649 2940; x_wconf 88' lang='lat' dir='ltr'><strong>ducentes</strong></span> <span class='ocrx_word' id='word_1_256' title='bbox 670 2877 704 2938; x_wconf 90' lang='lat' dir='ltr'><strong>in</strong></span> <span class='ocrx_word' id='word_1_257' title='bbox 726 2873 938 2955; x_wconf 89' lang='lat' dir='ltr'><strong>solitudinem,</strong></span> <span class='ocrx_word' id='word_1_258' title='bbox 966 2875 1049 2936; x_wconf 89' lang='lat' dir='ltr'><strong>sicut</strong></span> <span class='ocrx_word' id='word_1_259' title='bbox 1070 2882 1160 2938; x_wconf 89' lang='lat' dir='ltr'><strong>erant</strong></span> <span class='ocrx_word' id='word_1_260' title='bbox 1181 2873 1271 2954; x_wconf 90' lang='lat' dir='ltr'><strong>iussi,</strong></span> 
     </span>
     <span class='ocr_line' id='line_1_31' title="bbox 153 2958 1271 3044; baseline -0.004 -20"><span class='ocrx_word' id='word_1_261' title='bbox 153 2958 324 3024; x_wconf 90' lang='lat' dir='ltr'><strong>crudeliter</strong></span> <span class='ocrx_word' id='word_1_262' title='bbox 344 2960 584 3042; x_wconf 75' lang='lat' dir='ltr'><strong>interfecerunt,</strong></span> <span class='ocrx_word' id='word_1_263' title='bbox 607 2969 639 3024; x_wconf 89' lang='lat' dir='ltr'><strong>et</strong></span> <span class='ocrx_word' id='word_1_264' title='bbox 659 2979 719 3024; x_wconf 91' lang='lat' dir='ltr'><strong>nec</strong></span> <span class='ocrx_word' id='word_1_265' title='bbox 740 2959 774 3020; x_wconf 94' lang='lat' dir='ltr'><strong>in</strong></span> <span class='ocrx_word' id='word_1_266' title='bbox 794 2959 866 3044; x_wconf 85' lang='lat' dir='ltr'><strong>ipsa</strong></span> <span class='ocrx_word' id='word_1_267' title='bbox 887 2967 988 3022; x_wconf 91' lang='lat' dir='ltr'><strong>morte</strong></span> <span class='ocrx_word' id='word_1_268' title='bbox 1011 2958 1041 3020; x_wconf 93' lang='lat' dir='ltr'><strong>ei</strong></span> <span class='ocrx_word' id='word_1_269' title='bbox 1056 2979 1154 3042; x_wconf 88' lang='lat' dir='ltr'><strong>quare</strong></span> <span class='ocrx_word' id='word_1_270' title='bbox 1169 2978 1271 3021; x_wconf 90' lang='lat' dir='ltr'><strong>more-</strong></span> 
     </span>
     <span class='ocr_line' id='line_1_32' title="bbox 151 3039 1271 3128; baseline -0.004 -19"><span class='ocrx_word' id='word_1_271' title='bbox 151 3053 241 3109; x_wconf 86' lang='lat' dir='ltr'><strong>retur</strong></span> <span class='ocrx_word' id='word_1_272' title='bbox 254 3043 485 3109; x_wconf 88' lang='lat' dir='ltr'><strong>indicaverunt.</strong></span> <span class='ocrx_word' id='word_1_273' title='bbox 520 3043 588 3108; x_wconf 90' lang='lat' dir='ltr'><strong>Nec</strong></span> <span class='ocrx_word' id='word_1_274' title='bbox 609 3065 752 3128; x_wconf 91' lang='lat' dir='ltr'><strong>unquam</strong></span> <span class='ocrx_word' id='word_1_275' title='bbox 773 3065 848 3106; x_wconf 91' lang='lat' dir='ltr'><strong>vere</strong></span> <span class='ocrx_word' id='word_1_276' title='bbox 864 3043 1016 3126; x_wconf 90' lang='lat' dir='ltr'><strong>cognovit</strong></span> <span class='ocrx_word' id='word_1_277' title='bbox 1030 3039 1155 3126; x_wconf 87' lang='lat' dir='ltr'><strong>aliquis,</strong></span> <span class='ocrx_word' id='word_1_278' title='bbox 1171 3061 1271 3126; x_wconf 86' lang='lat' dir='ltr'><strong>quare</strong></span> 
     </span>
     <span class='ocr_line' id='line_1_33' title="bbox 151 3123 1271 3211; baseline -0.002 -21"><span class='ocrx_word' id='word_1_279' title='bbox 151 3126 266 3192; x_wconf 87' lang='lat' dir='ltr'><strong>fuisset</strong></span> <span class='ocrx_word' id='word_1_280' title='bbox 287 3128 422 3210; x_wconf 89' lang='lat' dir='ltr'><strong>occisus,</strong></span> <span class='ocrx_word' id='word_1_281' title='bbox 443 3129 506 3190; x_wconf 92' lang='lat' dir='ltr'><strong>nisi</strong></span> <span class='ocrx_word' id='word_1_282' title='bbox 549 3127 658 3192; x_wconf 92' lang='lat' dir='ltr'><strong>uidam</strong></span> <span class='ocrx_word' id='word_1_283' title='bbox 680 3126 900 3208; x_wconf 83' lang='lat' dir='ltr'><strong>mussitabant,</strong></span> <span class='ocrx_word' id='word_1_284' title='bbox 923 3125 1009 3211; x_wconf 93' lang='lat' dir='ltr'><strong>quod</strong></span> <span class='ocrx_word' id='word_1_285' title='bbox 1030 3123 1076 3188; x_wconf 93' lang='lat' dir='ltr'><strong>illi</strong></span> <span class='ocrx_word' id='word_1_286' title='bbox 1097 3147 1156 3189; x_wconf 91' lang='lat' dir='ltr'><strong>rex</strong></span> <span class='ocrx_word' id='word_1_287' title='bbox 1170 3125 1271 3209; x_wconf 90' lang='lat' dir='ltr'><strong>impo-</strong></span> 
     </span>
     <span class='ocr_line' id='line_1_34' title="bbox 151 3150 1270 3308; baseline -0.004 -34"><span class='ocrx_word' id='word_1_288' title='bbox 151 3220 253 3291; x_wconf 90' lang='lat' dir='ltr'><strong>neret,</strong></span> <span class='ocrx_word' id='word_1_289' title='bbox 276 3211 352 3308; x_wconf 87' lang='lat' dir='ltr'><strong>quia</strong></span> <span class='ocrx_word' id='word_1_290' title='bbox 375 3232 448 3274; x_wconf 92' lang='lat' dir='ltr'><strong>cum</strong></span> <span class='ocrx_word' id='word_1_291' title='bbox 470 3150 611 3296; x_wconf 75' lang='lat' dir='ltr'><strong>quddam</strong></span> <span class='ocrx_word' id='word_1_292' title='bbox 633 3211 812 3274; x_wconf 89' lang='lat' dir='ltr'><strong>concubina</strong></span> <span class='ocrx_word' id='word_1_293' title='bbox 834 3231 891 3274; x_wconf 90' lang='lat' dir='ltr'><strong>sua</strong></span> <span class='ocrx_word' id='word_1_294' title='bbox 912 3211 1071 3273; x_wconf 88' lang='lat' dir='ltr'><strong>iacuisset.</strong></span> <span class='ocrx_word' id='word_1_295' title='bbox 1116 3206 1181 3274; x_wconf 81' lang='lat' dir='ltr'><strong>Sed</strong></span> <span class='ocrx_word' id='word_1_296' title='bbox 1202 3229 1270 3290; x_wconf 88' lang='lat' dir='ltr'><strong>rex,</strong></span> 
     </span>
     <span class='ocr_line' id='line_1_35' title="bbox 153 3289 1384 3377; baseline -0.002 -21"><span class='ocrx_word' id='word_1_297' title='bbox 153 3301 191 3356; x_wconf 89' lang='lat' dir='ltr'><strong>ut</strong></span> <span class='ocrx_word' id='word_1_298' title='bbox 213 3294 427 3377; x_wconf 81' lang='lat' dir='ltr'><strong>suspicionem</strong></span> <span class='ocrx_word' id='word_1_299' title='bbox 453 3297 564 3359; x_wconf 91' lang='lat' dir='ltr'><strong>mortis</strong></span> <span class='ocrx_word' id='word_1_300' title='bbox 592 3296 661 3359; x_wconf 91' lang='lat' dir='ltr'><strong>eius</strong></span> <span class='ocrx_word' id='word_1_301' title='bbox 683 3316 703 3356; x_wconf 93' lang='lat' dir='ltr'><strong>a</strong></span> <span class='ocrx_word' id='word_1_302' title='bbox 724 3295 775 3358; x_wconf 87' lang='lat' dir='ltr'><strong>*se</strong></span> <span class='ocrx_word' id='word_1_303' title='bbox 796 3292 928 3373; x_wconf 90' lang='lat' dir='ltr'><strong>tolleret,</strong></span> <span class='ocrx_word' id='word_1_304' title='bbox 958 3303 1105 3356; x_wconf 88' lang='lat' dir='ltr'><strong>auctores</strong></span> <span class='ocrx_word' id='word_1_305' title='bbox 1127 3289 1384 3360; x_wconf 76' lang='lat' dir='ltr'><strong>eiusdem*2›.saa.</strong></span> 
     </span>
    </p>
   </div>
   <div class='ocr_carea' id='block_1_3' title="bbox 153 3372 1271 3521">
    <p class='ocr_par' dir='ltr' id='par_1_4' title="bbox 153 3372 1271 3521">
     <span class='ocr_line' id='line_1_36' title="bbox 153 3372 1271 3521; baseline -0.005 -79"><span class='ocrx_word' id='word_1_306' title='bbox 153 3377 276 3456; x_wconf 89' lang='lat' dir='ltr'><strong>mortis,</strong></span> <span class='ocrx_word' id='word_1_307' title='bbox 300 3396 378 3474; x_wconf 84' lang='lat' dir='ltr'><strong>quos</strong></span> <span class='ocrx_word' id='word_1_308' title='bbox 399 3375 523 3440; x_wconf 88' lang='lat' dir='ltr'><strong>latitare</strong></span> <span class='ocrx_word' id='word_1_309' title='bbox 545 3378 586 3442; x_wconf 90' lang='lat' dir='ltr'><strong>ad</strong></span> <span class='ocrx_word' id='word_1_310' title='bbox 606 3378 718 3441; x_wconf 88' lang='lat' dir='ltr'><strong>horam</strong></span> <span class='ocrx_word' id='word_1_311' title='bbox 734 3377 878 3456; x_wconf 88' lang='lat' dir='ltr'><strong>iusserat,</strong></span> <span class='ocrx_word' id='word_1_312' title='bbox 900 3376 1049 3521; x_wconf 64' lang='lat' dir='ltr'><strong>persequi</strong></span> <span class='ocrx_word' id='word_1_313' title='bbox 1064 3375 1105 3438; x_wconf 89' lang='lat' dir='ltr'><strong>ab</strong></span> <span class='ocrx_word' id='word_1_314' title='bbox 1122 3372 1271 3437; x_wconf 92' lang='lat' dir='ltr'><strong>omnibus</strong></span> 
     </span>
    </p>
   </div>
   <div class='ocr_carea' id='block_1_4' title="bbox 46 3455 1276 4216">
    <p class='ocr_par' dir='ltr' id='par_1_5' title="bbox 153 3455 1271 3544">
     <span class='ocr_line' id='line_1_37' title="bbox 153 3455 1271 3544; baseline -0.004 -20"><span class='ocrx_word' id='word_1_315' title='bbox 153 3461 266 3524; x_wconf 92' lang='lat' dir='ltr'><strong>amicis</strong></span> <span class='ocrx_word' id='word_1_316' title='bbox 289 3481 353 3524; x_wconf 88' lang='lat' dir='ltr'><strong>su1s</strong></span> <span class='ocrx_word' id='word_1_317' title='bbox 375 3460 420 3522; x_wconf 91' lang='lat' dir='ltr'><strong>im</strong></span> <span class='ocrx_word' id='word_1_318' title='bbox 444 3471 525 3543; x_wconf 71' lang='lat' dir='ltr'><strong>erat,</strong></span> <span class='ocrx_word' id='word_1_319' title='bbox 548 3471 580 3524; x_wconf 90' lang='lat' dir='ltr'><strong>et</strong></span> <span class='ocrx_word' id='word_1_320' title='bbox 599 3459 689 3524; x_wconf 93' lang='lat' dir='ltr'><strong>illum</strong></span> <span class='ocrx_word' id='word_1_321' title='bbox 712 3459 838 3544; x_wconf 90' lang='lat' dir='ltr'><strong>sepeliri</strong></span> <span class='ocrx_word' id='word_1_322' title='bbox 858 3461 893 3522; x_wconf 94' lang='lat' dir='ltr'><strong>in</strong></span> <span class='ocrx_word' id='word_1_323' title='bbox 919 3480 977 3522; x_wconf 90' lang='lat' dir='ltr'><strong>oco</strong></span> <span class='ocrx_word' id='word_1_324' title='bbox 1006 3458 1068 3522; x_wconf 90' lang='lat' dir='ltr'><strong>ecit</strong></span> <span class='ocrx_word' id='word_1_325' title='bbox 1081 3455 1271 3540; x_wconf 89' lang='lat' dir='ltr'><strong>honorabili,</strong></span> 
     </span>
    </p>

    <p class='ocr_par' dir='ltr' id='par_1_6' title="bbox 152 3541 1272 3712">
     <span class='ocr_line' id='line_1_38' title="bbox 152 3541 1271 3630; baseline -0.004 -21"><span class='ocrx_word' id='word_1_326' title='bbox 152 3547 223 3630; x_wconf 89' lang='lat' dir='ltr'><strong>ipse</strong></span> <span class='ocrx_word' id='word_1_327' title='bbox 251 3544 319 3608; x_wconf 89' lang='lat' dir='ltr'><strong>eius</strong></span> <span class='ocrx_word' id='word_1_328' title='bbox 345 3565 400 3629; x_wconf 91' lang='lat' dir='ltr'><strong>sep</strong></span> <span class='ocrx_word' id='word_1_329' title='bbox 437 3554 526 3608; x_wconf 90' lang='lat' dir='ltr'><strong>turae</strong></span> <span class='ocrx_word' id='word_1_330' title='bbox 554 3545 652 3609; x_wconf 89' lang='lat' dir='ltr'><strong>tristis</strong></span> <span class='ocrx_word' id='word_1_331' title='bbox 677 3542 829 3624; x_wconf 87' lang='lat' dir='ltr'><strong>interfuit,</strong></span> <span class='ocrx_word' id='word_1_332' title='bbox 857 3553 889 3607; x_wconf 88' lang='lat' dir='ltr'><strong>et</strong></span> <span class='ocrx_word' id='word_1_333' title='bbox 909 3551 945 3606; x_wconf 90' lang='lat' dir='ltr'><strong>ut</strong></span> <span class='ocrx_word' id='word_1_334' title='bbox 969 3541 1011 3604; x_wconf 90' lang='lat' dir='ltr'><strong>ad</strong></span> <span class='ocrx_word' id='word_1_335' title='bbox 1040 3541 1148 3604; x_wconf 89' lang='lat' dir='ltr'><strong>omnia</strong></span> <span class='ocrx_word' id='word_1_336' title='bbox 1175 3541 1271 3604; x_wconf 91' lang='lat' dir='ltr'><strong>simu·</strong></span> 
     </span>
     <span class='ocr_line' id='line_1_39' title="bbox 153 3622 1272 3712; baseline -0.004 -20"><span class='ocrx_word' id='word_1_337' title='bbox 153 3627 250 3692; x_wconf 87' lang='lat' dir='ltr'><strong>landa</strong></span> <span class='ocrx_word' id='word_1_338' title='bbox 279 3627 391 3692; x_wconf 91' lang='lat' dir='ltr'><strong>doctus</strong></span> <span class='ocrx_word' id='word_1_339' title='bbox 414 3636 490 3710; x_wconf 89' lang='lat' dir='ltr'><strong>erat,</strong></span> <span class='ocrx_word' id='word_1_340' title='bbox 517 3649 582 3692; x_wconf 90' lang='lat' dir='ltr'><strong>non</strong></span> <span class='ocrx_word' id='word_1_341' title='bbox 602 3649 716 3712; x_wconf 91' lang='lat' dir='ltr'><strong>parum</strong></span> <span class='ocrx_word' id='word_1_342' title='bbox 735 3626 939 3690; x_wconf 89' lang='lat' dir='ltr'><strong>lacrimarum</strong></span> <span class='ocrx_word' id='word_1_343' title='bbox 960 3624 1051 3688; x_wconf 91' lang='lat' dir='ltr'><strong>fudit.</strong></span> <span class='ocrx_word' id='word_1_344' title='bbox 1096 3623 1162 3688; x_wconf 84' lang='lat' dir='ltr'><strong>Sed</strong></span> <span class='ocrx_word' id='word_1_345' title='bbox 1182 3622 1272 3704; x_wconf 92' lang='lat' dir='ltr'><strong>nulli,</strong></span> 
     </span>
    </p>

    <p class='ocr_par' dir='ltr' id='par_1_7' title="bbox 154 3707 1273 3798">
     <span class='ocr_line' id='line_1_40' title="bbox 154 3707 1273 3798; baseline -0.004 -22"><span class='ocrx_word' id='word_1_346' title='bbox 154 3714 234 3798; x_wconf 91' lang='lat' dir='ltr'><strong>quin</strong></span> <span class='ocrx_word' id='word_1_347' title='bbox 256 3721 349 3792; x_wconf 90' lang='lat' dir='ltr'><strong>esset,</strong></span> <span class='ocrx_word' id='word_1_348' title='bbox 372 3711 455 3776; x_wconf 90' lang='lat' dir='ltr'><strong>sicut</strong></span> <span class='ocrx_word' id='word_1_349' title='bbox 476 3723 552 3795; x_wconf 89' lang='lat' dir='ltr'><strong>erat,</strong></span> <span class='ocrx_word' id='word_1_350' title='bbox 575 3719 748 3797; x_wconf 89' lang='lat' dir='ltr'><strong>praecepto</strong></span> <span class='ocrx_word' id='word_1_351' title='bbox 771 3710 855 3795; x_wconf 90' lang='lat' dir='ltr'><strong>regis</strong></span> <span class='ocrx_word' id='word_1_352' title='bbox 878 3710 1013 3789; x_wconf 76' lang='lat' dir='ltr'><strong>occisae,</strong></span> <span class='ocrx_word' id='word_1_353' title='bbox 1035 3707 1187 3772; x_wconf 88' lang='lat' dir='ltr'><strong>credibile</strong></span> <span class='ocrx_word' id='word_1_354' title='bbox 1202 3707 1273 3772; x_wconf 89' lang='lat' dir='ltr'><strong>fuit.</strong></span> 
     </span>
    </p>

    <p class='ocr_par' dir='ltr' id='par_1_8' title="bbox 242 3791 1275 3881">
     <span class='ocr_line' id='line_1_41' title="bbox 242 3791 1275 3881; baseline -0.003 -23"><span class='ocrx_word' id='word_1_355' title='bbox 242 3796 291 3860; x_wconf 83' lang='lat'><strong>12.</strong></span> <span class='ocrx_word' id='word_1_356' title='bbox 328 3795 429 3858; x_wconf 87' lang='lat' dir='ltr'><strong>Fama</strong></span> <span class='ocrx_word' id='word_1_357' title='bbox 445 3794 515 3878; x_wconf 91' lang='lat' dir='ltr'><strong>fuit,</strong></span> <span class='ocrx_word' id='word_1_358' title='bbox 538 3793 625 3881; x_wconf 90' lang='lat' dir='ltr'><strong>quod</strong></span> <span class='ocrx_word' id='word_1_359' title='bbox 640 3793 800 3880; x_wconf 90' lang='lat' dir='ltr'><strong>quendam</strong></span> <span class='ocrx_word' id='word_1_360' title='bbox 814 3793 854 3858; x_wconf 94' lang='lat' dir='ltr'><strong>de</strong></span> <span class='ocrx_word' id='word_1_361' title='bbox 869 3793 1077 3858; x_wconf 90' lang='lat' dir='ltr'><strong>familiaribus</strong></span> <span class='ocrx_word' id='word_1_362' title='bbox 1092 3791 1275 3856; x_wconf 89' lang='lat' dir='ltr'><strong>adolescen-</strong></span> 
     </span>
    </p>

    <p class='ocr_par' dir='ltr' id='par_1_9' title="bbox 155 3875 1274 3964">
     <span class='ocr_line' id='line_1_42' title="bbox 155 3875 1274 3964; baseline -0.004 -20"><span class='ocrx_word' id='word_1_363' title='bbox 155 3889 221 3946; x_wconf 89' lang='lat' dir='ltr'><strong>tem</strong></span> <span class='ocrx_word' id='word_1_364' title='bbox 241 3878 474 3943; x_wconf 90' lang='lat' dir='ltr'><strong>nobilissimum</strong></span> <span class='ocrx_word' id='word_1_365' title='bbox 497 3900 554 3942; x_wconf 90' lang='lat' dir='ltr'><strong>sua</strong></span> <span class='ocrx_word' id='word_1_366' title='bbox 575 3900 682 3960; x_wconf 92' lang='lat' dir='ltr'><strong>manu,</strong></span> <span class='ocrx_word' id='word_1_367' title='bbox 704 3878 782 3942; x_wconf 93' lang='lat' dir='ltr'><strong>dum</strong></span> <span class='ocrx_word' id='word_1_368' title='bbox 804 3879 895 3964; x_wconf 87' lang='lat' dir='ltr'><strong>quasi</strong></span> <span class='ocrx_word' id='word_1_369' title='bbox 917 3879 1086 3957; x_wconf 83' lang='lat' dir='ltr'><strong>locaretur,</strong></span> <span class='ocrx_word' id='word_1_370' title='bbox 1108 3875 1274 3940; x_wconf 81' lang='lat' dir='ltr'><strong>interfece-</strong></span> 
     </span>
    </p>

    <p class='ocr_par' dir='ltr' id='par_1_10' title="bbox 155 3958 1273 4048">
     <span class='ocr_line' id='line_1_43' title="bbox 155 3958 1273 4048; baseline -0.006 -20"><span class='ocrx_word' id='word_1_371' title='bbox 155 3965 210 4046; x_wconf 81' lang='lat' dir='ltr'><strong>rit3</strong></span> <span class='ocrx_word' id='word_1_372' title='bbox 234 3974 266 4028; x_wconf 89' lang='lat' dir='ltr'><strong>et</strong></span> <span class='ocrx_word' id='word_1_373' title='bbox 286 3985 324 4028; x_wconf 92' lang='lat' dir='ltr'><strong>eo</strong></span> <span class='ocrx_word' id='word_1_374' title='bbox 346 3962 455 4027; x_wconf 88' lang='lat' dir='ltr'><strong>furtim</strong></span> <span class='ocrx_word' id='word_1_375' title='bbox 478 3961 611 4048; x_wconf 92' lang='lat' dir='ltr'><strong>sepulto,</strong></span> <span class='ocrx_word' id='word_1_376' title='bbox 633 3963 667 4025; x_wconf 91' lang='lat' dir='ltr'><strong>in</strong></span> <span class='ocrx_word' id='word_1_377' title='bbox 683 3964 820 4026; x_wconf 88' lang='lat' dir='ltr'><strong>crastino</strong></span> <span class='ocrx_word' id='word_1_378' title='bbox 836 3963 927 4046; x_wconf 90' lang='lat' dir='ltr'><strong>quasi</strong></span> <span class='ocrx_word' id='word_1_379' title='bbox 941 3961 1107 4048; x_wconf 88' lang='lat' dir='ltr'><strong>poenitens</strong></span> <span class='ocrx_word' id='word_1_380' title='bbox 1122 3958 1165 4022; x_wconf 90' lang='lat' dir='ltr'><strong>ad</strong></span> <span class='ocrx_word' id='word_1_381' title='bbox 1179 3980 1273 4022; x_wconf 91' lang='lat' dir='ltr'><strong>suum</strong></span> 
     </span>
    </p>

    <p class='ocr_par' dir='ltr' id='par_1_11' title="bbox 46 4040 1276 4216">
     <span class='ocr_line' id='line_1_44' title="bbox 46 4040 1276 4132; baseline -0.006 -21"><span class='ocrx_word' id='word_1_382' title='bbox 46 4047 50 4054; x_wconf 82' lang='lat'>&#39;</span> <span class='ocrx_word' id='word_1_383' title='bbox 156 4048 345 4132; x_wconf 88' lang='lat' dir='ltr'><strong>magistrum</strong></span> <span class='ocrx_word' id='word_1_384' title='bbox 366 4045 576 4111; x_wconf 88' lang='lat' dir='ltr'><strong>Adalbertum</strong></span> <span class='ocrx_word' id='word_1_385' title='bbox 599 4048 787 4131; x_wconf 89' lang='lat' dir='ltr'><strong>episcopum</strong></span> <span class='ocrx_word' id='word_1_386' title='bbox 808 4046 940 4127; x_wconf 88' lang='lat' dir='ltr'><strong>venerit,</strong></span> <span class='ocrx_word' id='word_1_387' title='bbox 963 4055 995 4110; x_wconf 92' lang='lat' dir='ltr'><strong>et</strong></span> <span class='ocrx_word' id='word_1_388' title='bbox 1015 4045 1057 4109; x_wconf 83' lang='lat' dir='ltr'><strong>ab</strong></span> <span class='ocrx_word' id='word_1_389' title='bbox 1073 4064 1110 4106; x_wconf 91' lang='lat' dir='ltr'><strong>ec</strong></span> <span class='ocrx_word' id='word_1_390' title='bbox 1127 4044 1194 4105; x_wconf 89' lang='lat' dir='ltr'><strong>sine</strong></span> <span class='ocrx_word' id='word_1_391' title='bbox 1210 4040 1276 4105; x_wconf 91' lang='lat' dir='ltr'><strong>ulla</strong></span> 
     </span>
     <span class='ocr_line' id='line_1_45' title="bbox 155 4125 1276 4216; baseline -0.005 -22"><span class='ocrx_word' id='word_1_392' title='bbox 155 4130 371 4195; x_wconf 87' lang='lat' dir='ltr'><strong>satisfactione</strong></span> <span class='ocrx_word' id='word_1_393' title='bbox 399 4129 630 4216; x_wconf 88' lang='lat' dir='ltr'><strong>indulgentiam</strong></span> <span class='ocrx_word' id='word_1_394' title='bbox 657 4130 864 4216; x_wconf 78' lang='lat' dir='ltr'><strong>per·ceperit⁰.</strong></span> <span class='ocrx_word' id='word_1_395' title='bbox 909 4128 975 4194; x_wconf 87' lang='lat' dir='ltr'><strong>Sed</strong></span> <span class='ocrx_word' id='word_1_396' title='bbox 1000 4128 1076 4214; x_wconf 89' lang='lat' dir='ltr'><strong>quia</strong></span> <span class='ocrx_word' id='word_1_397' title='bbox 1103 4127 1197 4189; x_wconf 92' lang='lat' dir='ltr'><strong>huius</strong></span> <span class='ocrx_word' id='word_1_398' title='bbox 1227 4125 1276 4190; x_wconf 88' lang='lat' dir='ltr'><strong>rei</strong></span> 
     </span>
    </p>
   </div>
   <div class='ocr_carea' id='block_1_5' title="bbox 156 4306 1276 4423">
    <p class='ocr_par' dir='ltr' id='par_1_12' title="bbox 156 4306 1276 4423">
     <span class='ocr_line' id='line_1_46' title="bbox 156 4306 1276 4366; baseline -0.002 -16"><span class='ocrx_word' id='word_1_399' title='bbox 156 4310 182 4362; x_wconf 79' lang='lat' dir='ltr'><strong>a)</strong></span> <span class='ocrx_word' id='word_1_400' title='bbox 198 4312 354 4354; x_wconf 70' lang='lat' dir='ltr'><strong>Henesburek</strong></span> <span class='ocrx_word' id='word_1_401' title='bbox 371 4315 382 4352; x_wconf 90' lang='lat'><strong>1</strong></span> <span class='ocrx_word' id='word_1_402' title='bbox 405 4311 450 4366; x_wconf 76' lang='lat' dir='ltr'><strong>(aad</strong></span> <span class='ocrx_word' id='word_1_403' title='bbox 469 4313 532 4364; x_wconf 78' lang='lat' dir='ltr'><strong>infra</strong></span> <span class='ocrx_word' id='word_1_404' title='bbox 547 4310 729 4364; x_wconf 76' lang='lat' dir='ltr'><strong>Hartesbnrgk);</strong></span> <span class='ocrx_word' id='word_1_405' title='bbox 750 4310 907 4352; x_wconf 70' lang='lat' dir='ltr'><strong>Honestam-ch</strong></span> <span class='ocrx_word' id='word_1_406' title='bbox 925 4311 945 4350; x_wconf 75' lang='lat'><strong>2.</strong></span> <span class='ocrx_word' id='word_1_407' title='bbox 1014 4306 1038 4360; x_wconf 94' lang='lat' dir='ltr'><strong>b)</strong></span> <span class='ocrx_word' id='word_1_408' title='bbox 1055 4309 1276 4359; x_wconf 76' lang='lat' dir='ltr'><strong>propter13prae·</strong></span> 
     </span>
     <span class='ocr_line' id='line_1_47' title="bbox 158 4366 523 4423; baseline 0.005 -13"><span class='ocrx_word' id='word_1_409' title='bbox 158 4373 195 4410; x_wconf 86' lang='lat' dir='ltr'><strong>ter</strong></span> <span class='ocrx_word' id='word_1_410' title='bbox 211 4366 245 4412; x_wconf 70' lang='lat'><strong>1¹2.</strong></span> <span class='ocrx_word' id='word_1_411' title='bbox 264 4373 284 4412; x_wconf 80' lang='lat'><strong>2.</strong></span> <span class='ocrx_word' id='word_1_412' title='bbox 346 4369 366 4422; x_wconf 90' lang='lat' dir='ltr'><strong>c)</strong></span> <span class='ocrx_word' id='word_1_413' title='bbox 383 4374 488 4423; x_wconf 85' lang='lat' dir='ltr'><strong>pepercit</strong></span> <span class='ocrx_word' id='word_1_414' title='bbox 503 4375 523 4413; x_wconf 88' lang='lat'><strong>1.</strong></span> 
     </span>
    </p>
   </div>
   <div class='ocr_carea' id='block_1_6' title="bbox 0 0 1578 4814">
    <p class='ocr_par' dir='ltr' id='par_1_13' title="bbox 0 0 1578 4814">
     <span class='ocr_line' id='line_1_48' title="bbox 0 0 1578 4814; baseline 0 0"><span class='ocrx_word' id='word_1_415' title='bbox 0 0 1578 4814; x_wconf 95' lang='lat' dir='ltr'><strong> </strong></span> 
     </span>
    </p>
   </div>
  </div>
 </body>
</html>
