3098 4818
419 325 542 378 BRUNO
562 327 613 378 DE
632 327 753 380 BELLO
774 329 965 383 stxoutco.
1219 336 1253 386 59

133 519 200 563 uon
223 518 334 560 amare
361 495 575 577 conuincitur,
608 499 668 580 qui
693 505 804 561 tantae
832 497 970 564 utilitati
995 509 1124 588 tamque
1146 524 1330 571 neces-ross.

132 583 244 646 suriae
259 588 394 645 sanctae
410 581 526 644 reatris
541 579 703 662 ecclesiae,
719 591 825 666 prout
845 581 960 646 melius
975 593 1092 668 potest,
1114 607 1155 650 ne
1178 584 1253 672 lipit

128 665 313 750 prouidere.
357 663 432 728 Hac
459 686 599 749 namque
620 667 754 744 uirtute,
782 666 820 730 id
846 675 893 731 est
914 669 1068 749 ciuitate,
1096 609 1252 756 ucplecta,

153 748 291 834 uiaquid
317 747 395 811 boui
417 748 540 832 aliquis
552 746 689 832 fecerit,
718 753 808 814 omni
825 749 947 834 fructu
974 751 1093 818 salutis
1119 754 1251 819 carebit.

131 769 223 896 ldaec
248 835 359 918 itaque
387 831 552 896 lumiliter
573 833 717 918 apendo,
746 841 775 896 et
797 857 937 899 amorem
959 835 1024 900 Dei
1044 847 1073 902 et
1089 839 1250 921 prouimi,

130 917 215 980 sicut
237 925 375 1001 oportet,
397 916 573 997 servando,
589 927 814 1002 praesumant
834 919 874 982 de
896 918 988 984 illius
1009 922 1250 1003 misericordia,

129 1001 190 1110 pui
210 1001 314 1064 atctt·
344 1000 479 1064 ‘Discite
501 1023 524 1064 a
544 1023 603 1080 nte,
625 1002 706 1086 quio
727 1003 815 1065 mitis
837 1024 909 1066 sunt
930 1013 960 1066 et
980 1005 1114 1070 humilis
1135 987 1352 1099 cordelfiff‘i,

150 1082 251 1157 Quem
283 1086 313 1148 si
348 1083 513 1148 humiliter
545 1085 668 1148 imitati
690 1085 844 1168 fuerint,
877 1087 917 1150 de
943 1111 1045 1172 repno
1082 1088 1196 1154 seruili
1222 1099 1357 1156 ct*r·³⁶1·

129 1169 323 1232 transitorio
339 1169 385 1232 ad
405 1190 542 1254 repausa
557 1190 653 1232 uerae
673 1167 833 1234 libertatis
855 1180 884 1234 et
907 1174 1109 1237 aeternitatis
1130 1176 1251 1238 transi-

129 1251 209 1316 bunt
215 1261 239 1315 ¹¹.
254 1251 368 1316 Amen.
383 1250 611 1316 Ammonemus
625 1275 682 1316 uos
687 1253 819 1337 fratres
834 1264 863 1318 et
873 1257 1099 1340 coepiscoposl
1111 1267 1250 1339 nostros,

128 1335 303 1420 nefariam
316 1337 429 1420 princi
454 1359 509 1400 um
522 1337 734 1421 trepidantes,
749 1340 915 1403 ueritatem
926 1341 973 1404 eis
983 1340 1090 1405 dicere
1100 1343 1250 1423 timeatis,

128 1420 334 1484 incurrentes
354 1420 415 1486 illu
456 1418 650 1506 Greporiil:
673 1421 765 1487 ‘Cum
786 1424 824 1486 in
845 1431 936 1486 terra
959 1424 1118 1489 bominem
1134 1436 1251 1489 contra

128 1506 295 1570 ueritatem
332 1503 465 1589 quilibet
490 1514 608 1591 pauet,
641 1506 785 1570 eiusdem
816 1508 965 1571 ueritatis
996 1509 1084 1573 iram
1116 1509 1250 1574 coelitus

128 1590 283 1654 sustinet!
1235 1597 1238 1602 '

212 1671 263 1736 74.
306 1671 447 1756 Legatus
476 1670 561 1755 regis
586 1693 735 1736 reversus
743 1684 765 1754 ²,
796 1693 870 1737 cum
891 1675 974 1758 regi,
1002 1675 1059 1760 qui
1084 1684 1160 1739 tunc
1182 1679 1328 1742 erat¹⁰⁷⁶·

128 1753 283 1837 Traiecti,
310 1755 492 1854 quoderat
519 1756 816 1820 excommunicatus
841 1757 1014 1839 indicaret,
1044 1747 1328 1848 Willehalmiffsss'·

128 1838 233 1922 ipsius
254 1838 344 1904 urbrs
366 1838 521 1924 episcopi,
543 1837 676 1902 consilio
697 1861 757 1904 rex
775 1841 1139 1907 excommunicationem
1161 1842 1250 1910 illam

128 1921 255 1986 nichili>
274 1921 396 2008 pendit.
431 1921 613 2008 Episcopus¹
628 1943 692 2008 quo
717 1945 757 1987 ue
771 1922 857 1986 idem
871 1925 997 2005 timens,
1012 1947 1054 1989 ne
1069 1926 1097 1988 si
1111 1947 1153 2011 po
1178 1926 1249 1992 ulus

127 2003 208 2070 haec
237 2006 393 2086 audisset,
425 2027 445 2070 a
471 2027 547 2090 rege
580 2007 663 2070 sicut
689 2028 709 2070 a
753 2009 1031 2072 excommunicato
1061 1948 1248 2092 discederet,

127 2089 211 2154 inter
231 2092 348 2155 missas
370 2111 551 2156 sermonem
571 2089 693 2155 faciens
715 2089 757 2155 ad
782 2090 954 2178 populum,
983 2092 1137 2157 derisorie
1161 2093 1250 2180 quod

126 2195 187 2238 rex
208 2185 292 2240 esset
316 2175 612 2240 excommunicatus
639 2173 810 2257 indicavit,
838 2174 895 2240 sed
922 2175 1006 2240 hanc
1030 2179 1249 2241 excommuni-

127 2259 285 2323 cationem
298 2258 397 2324 nichil
412 2258 527 2340 valere,
572 2257 667 2323 uibus
681 2268 808 2346 poterat
821 2259 939 2342 verbis,
960 2269 1071 2346 utpote
1090 2260 1248 2326 facundus

126 2340 233 2424 homo,
256 2342 466 2408 confirmarit.
504 2281 571 2408 sel
584 2353 740 2441 quantum
762 2342 890 2426 valeret,
911 2345 945 2407 in
968 2367 1002 2410 se
1022 2345 1094 2431 ipso
1117 2356 1248 2411 coactus

126 2435 177 2489 est
196 2447 379 2524 agnoscere,
402 2428 430 2491 si
449 2427 561 2492 liceret
580 2449 610 2490 er
631 2427 826 2513 poenitendo
841 2449 861 2490 a
875 2427 1026 2514 superbia
1048 2429 1248 2514 resipiscere.

125 2507 210 2572 Nam
224 2532 258 2572 1n
271 2511 343 2596 ipso
364 2511 445 2592 loco,
466 2511 499 2573 in
515 2532 580 2596 quo
595 2510 740 2575 Romano
779 2511 900 2575 ontifici
921 2511 1097 2598 derogabat
1115 2514 1248 2600 eiusque

125 2602 317 2678 potestatem
337 2594 492 2660 verbosus
513 2592 708 2659 adnichilare
730 2533 907 2676 lalrorabat,
928 2597 998 2680 ipse
1019 2595 1104 2658 mala
1129 2595 1248 2661 valem-

126 2676 200 2740 dine
223 2678 409 2764 corripitur,
435 2679 469 2741 in
492 2700 555 2763 qua
577 2700 679 2764 usque
701 2679 743 2742 ad
764 2679 981 2743 miserandum
1003 2681 1139 2746 miserae
1161 2682 1247 2744 vitae

125 2759 223 2824 finem
238 2762 406 2826 detinetur.
442 2762 557 2848 Itaque
571 2761 685 2826 morbo
700 2763 804 2848 magis
819 2783 859 2826 ac
873 2763 977 2847 magis
992 2763 1246 2847 ingravescente,

124 2844 203 2909 dum
232 2856 316 2911 esset
338 2867 411 2910 cum
439 2868 477 2911 eo
523 2845 632 2910 uidam
660 2845 756 2910 homo
784 2847 888 2931 regis,
917 2847 1077 2932 eumquel
1107 2858 1246 2932 rogaret,

124 2940 161 2993 ut
182 2951 217 2994 se
239 2952 313 2994 cum
335 2952 394 2995 suo
415 2869 567 2995 mandato
589 2931 765 2996 remitteret
785 2929 826 2994 ad
848 2951 974 3012 regem:
1008 2929 1110 3012 ‘Hoc’,
1132 2932 1246 3030 inquit,

125 3013 166 3077 ‘ei
180 3014 271 3079 mitto
286 3014 484 3096 mandatum,
500 3014 587 3101 quod
602 3015 673 3100 ipse
688 3023 720 3078 et
735 3036 805 3100 ego,
828 3024 860 3079 et
875 3036 985 3086 omnes
1001 3015 1070 3079 eius
1084 3014 1247 3114 iniquitati

123 3095 279 3180 faventes,
301 3098 443 3164 damnati
465 3121 574 3162 sumus
596 3098 630 3160 in
650 3100 861 3185 perpetuum!
890 3099 1036 3186 Cumque
1057 3119 1077 3161 a
1100 3121 1167 3163 suls
1190 3102 1247 3186 qui

124 3179 258 3246 aderant
280 3181 419 3265 clericis,
441 3204 481 3247 ne
502 3180 578 3248 talia
599 3180 783 3270 loqueretur
803 3191 887 3248 esset
907 3183 1116 3248 ammonitus:
1150 3182 1247 3264 ‘Quid

124 3263 233 3348 aliud',
254 3267 368 3351 inquit,
383 3265 517 3352 loquar,
533 3266 595 3330 nisi
611 3268 697 3352 quod
712 3289 824 3332 verum
839 3289 909 3332 esse
924 3265 1093 3331 visibiliter
1108 3267 1245 3331 intueor.

123 3346 212 3412 Ecce
240 3350 325 3414 enim
353 3349 525 3415 daemones
553 3349 670 3416 lectum
697 3373 805 3416 meum
834 3351 1055 3430 circumstant,
1089 3359 1246 3437 quatenus

123 3453 186 3514 me,
208 3455 286 3498 mox
306 3443 343 3498 ut
364 3435 564 3521 expiravero,
586 3435 724 3520 rapiant.
766 3434 817 3498 Ita
840 3457 881 3498 ue
905 3455 979 3497 cum
1001 3435 1092 3497 luero
1115 3433 1154 3498 de
1177 3455 1245 3498 cor·

123 3536 202 3602 pore
223 3517 374 3600 eductus,
396 3540 475 3604 rogo
497 3540 555 3582 vos
577 3527 609 3582 et
631 3540 740 3583 omnes
762 3455 888 3600 fideles,
910 3539 952 3582 ne
973 3538 1007 3582 ss
1028 3516 1163 3602 fatigent
1184 3539 1244 3604 pro

123 3621 175 3664 me
212 3600 359 3666 faciendo
396 3600 665 3688 supplicationes!
715 3600 787 3665 Hac
827 3602 925 3686 igitur
956 3601 989 3664 in
1022 3599 1244 3687 desperatione
1255 3617 1310 3670 rpr.
1327 3618 1364 3662 ²8·

123 3681 309 3767 defirnctus,
337 3683 432 3750 nullis
454 3685 652 3750 orationibus
673 3685 745 3750 Deo
770 3685 1011 3762 reconciliatus,
1041 3683 1097 3748 diu
1118 3685 1246 3750 iaccbat

123 3766 313 3855 insepultus,
337 3769 438 3835 donec
458 3770 595 3834 Romam
617 3770 762 3852 mittitur,
785 3778 817 3834 et
838 3769 913 3833 inde
935 3768 1080 3856 quaesito
1102 3768 1245 3852 consilio,

123 3874 164 3917 ne
178 3853 317 3939 populus
330 3853 452 3920 foetore
463 3863 695 3939 corrumpatur,
710 3851 886 3940 apostolico
901 3854 994 3917 iussu
1005 3853 1073 3918 sine
1084 3875 1246 3918 commen·

124 4019 147 4070 ι)
161 4022 186 4060 tn
193 4022 343 4071 iteraturus
358 4023 420 4063 Data
435 4022 514 4062 Idibus
530 4023 608 4063 Martii
623 4023 750 4072 nuptura.
776 4022 835 4069 Quae
851 4023 875 4062 tn
890 4023 941 4062 ultis
950 4022 1013 4062 codd.
1022 4026 1150 4071 sequuntur,
1167 4021 1247 4061 videsis

123 4079 313 4188 igggtilttcn.
334 4081 424 4132 Grecos.
443 4093 468 4132 p.
491 4082 544 4126 (tt.
604 4079 628 4132 b)
649 4082 681 4121 tta
703 4083 729 4130 ῖς
752 4083 875 4132 episcopos
897 4085 917 4122 ι.
979 4079 1048 4130 c)1'ta
1066 4083 1086 4120 t.
1111 4074 1149 4130 1¹³3
1165 4081 1209 4120 viu
1225 4082 1247 4122 2.

126 4254 152 4322 ι)
170 4256 242 4322 app.
268 4256 332 4322 rm,
353 4259 388 4308 re
407 4259 448 4311 a.
468 4257 604 4311 nauus.
623 4257 649 4318 1,
669 4257 732 4309 ms.
795 4236 836 4323 a)
856 4275 882 4309 v.
901 4273 987 4323 iura
1009 4273 1031 4308 c.
1051 4257 1094 4306 es.
1133 4255 1249 4311 craneo

124 4344 175 4380 rea
189 4329 296 4394 pascha
314 4331 462 4384 celebrarit.
