3098 4818
284 319 320 372 66
569 316 691 370 BBUNO
710 315 761 367 DE
780 314 901 368 BELLO
922 313 1114 368 ssxomca

205 505 270 548 1001.
287 488 417 574 adeptis
451 485 535 552 mdc
567 507 632 572 per
667 507 739 549 eum
772 482 949 548 honoribus
984 480 1048 545 dili
1072 490 1133 544 unt
1167 491 1405 568 meonnsqw,

285 572 510 652 consentiunt;
539 571 599 653 qui
619 570 797 634 simoniace
817 566 972 653 quoslibet
993 503 1193 647 ordlnando,
1215 566 1321 630 Deum
1332 588 1404 712 pro

286 654 347 722 rili
374 657 473 720 ctiam
495 656 604 739 pretio
635 653 790 716 venduut.
839 650 928 714 Nam
956 653 1041 714 sicut
1068 649 1159 713 electi
1187 649 1332 714 insolabi
1343 651 1406 713 iter

286 763 345 805 suo
369 740 473 824 capiti
494 739 668 818 uniuntur,
697 738 746 800 ita
773 744 803 799 et
827 734 960 835 reprobi
980 734 1123 798 monime
1152 743 1269 798 contra
1296 734 1405 814 bonos,

286 825 318 887 ei
339 825 398 909 qui
418 820 566 886 malitiae
586 829 688 904 caput
702 828 756 900 est,
776 821 993 903 pertinaciter
1003 816 1236 901 foederantur.
1283 816 1405 883 Contra

287 929 369 993 quos
386 904 534 1054 prolsecto
556 927 624 970 non
639 913 706 967 tam
721 901 957 982 disserendam,
979 923 1077 988 quam
1089 923 1154 986 pro
1169 905 1216 968 eis
1238 911 1284 966 est
1305 901 1404 967 lacri-

287 991 386 1056 mosis
415 990 605 1075 ponat-ibus
638 987 881 1074 ingemendum,
914 995 951 1049 ut
984 987 1186 1071 omnipotens
1214 986 1305 1050 Deus
1331 983 1406 1050 illos

289 1097 312 1139 a
344 1073 472 1160 laqueis
504 1073 676 1153 sathanae,
709 1070 827 1158 quibus
860 1070 985 1156 captivi
1011 1078 1171 1153 tenentur,
1208 1071 1340 1156 eripiat,
1376 1079 1406 1134 et

288 1158 421 1222 tandem
444 1157 493 1221 ali
514 1157 627 1221 uando
649 1154 699 1221 vel
715 1164 793 1240 post
808 1152 963 1239 pericula
982 1153 1028 1217 od
1043 1177 1064 1217 a
1088 1156 1244 1219 nitionem
1259 1156 1407 1219 cecitatis

283 1243 459 1328 perducat.
493 1179 586 1304 llaec
602 1240 641 1304 de
662 1239 794 1325 rupibus
816 1248 844 1301 et
861 1178 1126 1323 inperatoulos,
1148 1240 1207 1323 qui
1221 1237 1407 1302 saecularib

287 1327 397 1414 ploria
418 1325 556 1390 nimium
578 1324 706 1404 tumidi,
728 1345 796 1387 non
811 1322 881 1387 Deo
896 1322 953 1386 sed
974 1322 1038 1387 sili
1051 1346 1086 1386 re
1110 1332 1202 1386 nant.
1245 1321 1313 1387 Sed
1325 1324 1408 1423 quia

289 1411 394 1475 nostri
416 1418 463 1472 est
489 1407 603 1492 assisii,
635 1409 813 1491 unicuique
839 1406 1016 1470 secundum
1045 1345 1192 1470 ordinem
1219 1403 1268 1471 ael
1295 1407 1406 1493 dapni-

289 1503 396 1574 tatem,
426 1515 493 1592 qua
520 1491 651 1554 uidetur
677 1491 797 1576 cipere,
825 1490 1080 1556 calamationem
1108 1490 1320 1555 distribuere:
1349 1493 1408 1556 im·

285 1577 497 1662 peratoribus
519 1583 548 1638 et
569 1574 719 1660 sepibus⁰
746 1575 920 1659 ceterisque
942 1575 1060 1658 princi
1083 1573 1167 1656 ilus,
1193 1583 1229 1638 ut
1250 1572 1408 1638 elationes

289 1663 393 1725 maris
415 1669 444 1723 et
464 1658 635 1742 superbiae
647 1657 773 1743 fluctus
787 1659 996 1741 comprimere
1018 1597 1158 1738 volant,
1182 1681 1277 1722 orma
1300 1659 1407 1722 lumi·

290 1743 395 1808 litatis
411 1743 481 1808 Deo
505 1752 634 1807 auctore
645 1742 825 1826 procidere
846 1763 1012 1806 curamus.
1056 1741 1186 1806 Scimus
1208 1745 1303 1824 enim,
1326 1745 1409 1828 quia

290 1827 464 1892 mundana
490 1826 602 1914 picria
636 1835 665 1891 et
692 1825 875 1890 saecularis
909 1849 991 1889 cura
1020 1847 1072 1890 eos
1093 1829 1316 1910 permauime,
1350 1828 1410 1912 qui

334 1920 460 1993 assunt,
488 1911 534 1976 ad
555 1911 725 1975 elationem
746 1911 874 1973 tralsere
895 1909 989 1989 solet,·
1019 1932 1086 1995 qua
1109 1932 1234 1994 semper
1261 1909 1409 1996 neplecta

287 1934 483 2076 llllmilitate,
500 2018 567 2081 pro
594 2000 679 2058 riom
700 1995 888 2120 puaerendo
909 1994 1062 2079 plocium,
1075 1993 1248 2078 fratribus
1270 1997 1412 2079 cupiant

285 2082 505 2166 praeminere.
577 2079 693 2143 oinde
736 2079 866 2142 videtur
893 2075 971 2141 utile
992 2080 1134 2142 monime
1156 2079 1410 2162 imperatoribus

290 2175 319 2229 et
340 2164 483 2250 sepibus,
511 2172 547 2225 ut
569 2186 642 2227 cum
662 2183 751 2225 mens
772 2159 902 2225 illorum
926 2161 971 2225 ad
993 2161 1063 2225 alta
1091 2183 1123 2226 se
1151 2164 1275 2248 eripere
1297 2173 1326 2227 et
1341 2184 1409 2247 pro

290 2248 461 2334 simpulum
492 2247 602 2332 plocio
630 2243 698 2309 uult
730 2244 896 2326 oblectare,
928 2247 1078 2309 inveniat
1106 2246 1222 2332 quibus
1248 2269 1282 2310 se
1302 2247 1410 2312 modis

290 2331 450 2411 humiliet,
488 2341 583 2414 atque
619 2329 706 2393 unde
741 2329 921 2414 paudebat,
958 2331 1077 2394 sentiat
1102 2329 1184 2415 plus
1220 2331 1410 2395 timendum.

289 2415 499 2500 Perspiciant
534 2435 611 2500 erqo
648 2413 841 2498 dilipenter,
885 2437 984 2498 qnam
1016 2415 1208 2498 periculosa
1220 2461 1229 2495 ‚
1273 2437 1411 2500 quamue

290 2499 437 2564 timenda
459 2501 502 2563 sit
522 2500 736 2582 imperatoria
757 2497 806 2562 uel
827 2499 922 2583 repia
945 2499 1104 2584 dipnitas,
1127 2499 1164 2562 in
1187 2522 1253 2583 qua
1269 2500 1409 2582 paucis-

290 2584 367 2648 simi
387 2583 572 2664 salvuntur,
594 2592 623 2647 et
642 2580 695 2646 illi
709 2583 767 2666 qui
777 2581 847 2645 Deo
863 2583 1038 2645 miserante
1054 2582 1100 2645 ad
1114 2582 1249 2646 salutem
1263 2584 1412 2663 ueniunt,

291 2685 359 2731 non
382 2689 482 2752 aeque
509 2676 545 2730 ut
566 2666 661 2730 multi
713 2685 883 2750 amporam,
910 2665 1037 2730 iudicio
1064 2667 1173 2730 sancti
1194 2665 1344 2750 Spiritus
1371 2668 1411 2731 in

291 2760 407 2815 sancta
429 2749 565 2816 ecclesia
586 2688 827 2837 plorijllontur.
870 2748 901 2811 A
919 2750 1036 2814 mundi
1057 2751 1142 2814 enim
1159 2751 1332 2836 principio
1354 2773 1410 2815 us·

290 2855 353 2918 que
375 2836 420 2899 ad
449 2836 528 2899 laec
558 2843 673 2899 nostra
699 2843 846 2917 tempora
875 2833 912 2895 in
937 2841 1004 2897 tota
1027 2834 1214 2898 authentica
1240 2835 1411 2920 scriptura

291 2941 358 2982 non
384 2920 568 2983 invenimus
595 2927 712 3003 septem
740 2919 953 3000 imperotores
976 2916 1024 2980 uel
1049 2939 1148 2999 reyes,
1179 2940 1317 3003 quorum
1338 2921 1411 2984 oita

288 3000 393 3082 fuerit
415 3003 497 3065 acleo
522 3003 708 3086 praecipua
738 2999 801 3064 reli
824 3002 897 3064 ione
923 3010 953 3062 et
979 3003 1097 3064 uirtute
1124 3003 1296 3086 sipnoram
1317 3003 1411 3068 deco·

291 3094 378 3165 rata,
401 3087 486 3149 sicut
506 3083 724 3148 universalis⁰
747 3024 969 3148 multitudinis
991 3085 1116 3149 soeculi
1137 3095 1411 3170 contemptorum5

290 3167 363 3233 licet
394 3190 506 3233 eorum
536 3167 653 3252 plures
689 3167 860 3231 credamus
897 3169 991 3251 apud
1026 3171 1271 3253 omnipotentem
1303 3171 1411 3235 Deum

291 3253 536 3317 misericordiae
568 3252 703 3316 salutem
728 3252 901 3314 inuenisse.
944 3253 1096 3338 Namque
1123 3263 1159 3316 ut
1185 3255 1225 3318 de
1253 3255 1413 3338 apostolis

292 3346 321 3400 et
356 3335 559 3424 martyribus
601 3345 787 3415 taceamus,
829 3337 909 3482 puis
944 3337 1177 3421 imperatorum
1213 3336 1261 3402 vel
1296 3362 1411 3424 repam

291 3441 331 3485 ae
352 3443 392 3486 ue
419 3431 455 3485 ut
483 3421 595 3485 beatus
620 3420 801 3498 Martinus,
862 3421 997 3484 ntonius
1025 3431 1054 3486 et
1080 3421 1279 3486 Benedictus
1306 3425 1408 3486 mira-

292 3443 375 3569 culis
397 3505 541 3569 claruit?
584 3502 681 3578 Quisr
702 3505 883 3588 imperator
905 3513 964 3567 aut
984 3527 1044 3569 ren
1065 3515 1208 3570 mortuos
1231 3508 1412 3588 suscitavit,

290 3587 436 3672 leprosos
457 3590 640 3670 mundavit,
663 3609 773 3652 caecos
794 3587 1016 3654 illuminavit?
1059 3591 1143 3654 Ecce
1160 3588 1413 3654 Constantinum

290 3673 562 3756 piaememoriae
584 3674 821 3756 imperatorem,
846 3671 1060 3737 Theodosium
1082 3683 1111 3738 et
1125 3673 1323 3754 Honorium,
1348 3673 1412 3740 Ca-

291 3753 396 3819 rolum
408 3764 437 3818 et
448 3755 667 3835 ludowicum,
679 3757 826 3818 iustitiae
838 3764 1008 3838 amotores,
1024 3758 1226 3822 christianae
1238 3757 1413 3843 relipionis

315 3848 541 3925 ropapatores,
560 3839 768 3904 ecclesiarum
783 3838 978 3922 defensores,
1002 3851 1117 3906 sancta
1132 3841 1261 3925 quidem
1276 3839 1412 3906 ecclesia

285 3862 410 3988 laudat
432 3932 483 3987 ess
504 3932 690 4004 ueneratur,
721 3930 918 3986 nontamen
941 3922 1015 3988 eos¹²
1028 3925 1168 4010 fulsisse
1190 3935 1286 3990 tanta
1307 3927 1411 3989 mira·

292 4008 439 4072 culorum
461 4007 571 4093 plocio
593 4008 731 4072 iudicat.
774 4004 948 4072 Praetereo
973 4010 1019 4073 ad
1039 4019 1115 4096 quot
1137 4011 1273 4074 nomino
1294 4031 1412 4095 repam

292 4091 342 4155 uel
374 4094 610 4178 imperatorum
642 4089 800 4155 basilicas
832 4113 890 4155 seu
927 4093 1052 4157 altaria
1085 4093 1245 4176 dedicari,
1282 4093 1331 4158 ael
1365 4093 1416 4158 ad

291 4261 315 4314 ι)
331 4266 437 4302 metuunt
453 4265 473 4303 1.
491 4265 511 4303 2.
592 4261 615 4315 b)
633 4264 687 4314 quia
703 4263 816 4312 singulari
833 4267 853 4304 1.
936 4263 960 4316 ο)
973 4265 1118 4315 principibus
1133 4266 1154 4306 1.
1192 4290 1195 4296 ·
1239 4263 1262 4318 d)
1278 4266 1371 4308 Deinde
1389 4267 1418 4308 1.»

291 4323 315 4372 s)
331 4321 510 4362 innumerabilis
526 4323 576 4372 Rea.
593 4324 639 4362 rell.
700 4321 797 4373 nanim
812 4323 929 4372 attalica.
990 4321 1014 4376 g)
1030 4324 1100 4365 ettam
1116 4326 1137 4366 1.
1197 4325 1222 4377 h)
1239 4336 1292 4366 sum
1308 4327 1328 4366 1.
