3098 4818
447 371 568 422 BRUNO
586 371 637 421 DE
656 373 775 425 BELLO
795 373 984 426 SAXONIOO.
1247 377 1280 426 11

157 540 283 605 labores
311 540 345 602 in
374 559 449 602 suos
479 560 556 602 usus
585 550 795 625 comportare,
825 540 940 606 liberos
968 541 1113 606 homines
1134 541 1176 606 ad
1199 564 1280 628 opus

159 622 273 690 servile
296 620 495 706 compellere,
527 621 609 687 filias
632 623 684 687 vel
704 647 822 690 uxores
844 624 964 689 alienas
984 624 1123 691 ludibrio
1145 626 1281 692 habere:

156 717 235 772 tunc
256 708 396 792 primum
418 706 495 792 quid
509 705 565 771 illa
579 706 708 771 castella
724 708 950 793 portenderent
965 708 1198 791 intellexerunt,
1221 733 1281 775 nec

158 801 268 856 tamen
303 789 408 852 adhuc
444 787 590 855 resistere
623 790 674 854 vel
707 814 741 856 se
777 792 946 857 defendere
982 804 1278 879 praesumpserunt.
1298 805 1304 872 ξ
1328 849 1372 861 ,.
1403 846 1421 856 ..

155 875 299 940 Tantum
320 873 368 936 illi
389 875 445 959 qui
466 872 683 956 laedebantur,
707 874 851 960 querelas
874 875 998 940 occulte
1017 877 1178 942 faciebant
1192 878 1281 964 apud

157 958 239 1041 illos,
262 959 319 1045 qui
339 957 466 1042 longius
488 980 507 1021 a
529 957 666 1022 castellis
687 961 823 1023 remotia
844 959 942 1023 nichil
963 960 1069 1024 adhuc
1090 961 1166 1025 mali
1180 963 1280 1046 patie-
1351 981 1357 986 ·

156 1042 285 1108 bantur.
327 1040 435 1106 Illaesi
460 1064 536 1106 vero
570 1042 645 1105 dum
667 1040 761 1106 laesis
783 1042 939 1108 auxilium
960 1044 1043 1108 ferre
1064 1043 1280 1129 negligebant,

50 1135 56 1142 '
159 1125 323 1212 tyrannidi
343 1127 429 1190 vires
450 1125 484 1188 in
506 1147 540 1189 se
560 1128 652 1210 ipsos
670 1125 863 1191 tribuebant.
899 1127 983 1191 Nam
1004 1129 1047 1194 ab
1068 1150 1087 1192 a
1111 1128 1216 1192 ricolis
1238 1129 1281 1194 ad

158 1209 321 1288 militares,
344 1231 364 1272 a
384 1217 487 1273 terrae
509 1209 665 1273 fructibus
687 1209 729 1273 ad
749 1209 929 1276 libertatem
951 1152 1157 1276 adimendam
1171 1234 1279 1278 ascen·

159 1294 220 1377 dit3
243 1305 275 1358 et
295 1293 497 1358 Fridericum
519 1292 559 1358 de
579 1293 699 1374 Monte,
722 1296 778 1379 qui
797 1297 880 1358 inter
901 1294 1019 1360 liberos
1040 1294 1184 1360 homines
1206 1297 1280 1361 vell

159 1377 283 1444 nobiles
306 1378 445 1442 eximius
467 1376 654 1451 habebatur,
677 1377 832 1441 famulum
855 1401 948 1443 suum
970 1401 1039 1443 esse
1054 1402 1114 1443 rex
1128 1383 1279 1464 asseruit3

161 1461 421 1529 Willehalmumc
443 1483 580 1546 quoque,
603 1462 659 1546 qui
680 1472 810 1547 propter
829 1463 965 1526 nimium
988 1462 1107 1526 cultum
1129 1466 1180 1527 sui
1201 1477 1279 1529 rex1

160 1547 201 1614 de
229 1545 445 1612 Letheslovo‘1
470 1543 706 1630 appellabatur,
737 1556 825 1610 tanta
852 1546 1038 1612 crudelitate
1068 1549 1279 1634 persequitur,

161 1633 238 1718 quia
258 1629 360 1695 multa
381 1631 411 1695 ei
432 1639 523 1693 erant
543 1630 675 1714 praedia
696 1629 751 1692 sed
772 1651 837 1692 non
858 1629 958 1694 multa
972 1631 1137 1716 sapientia,
1159 1641 1196 1696 ut
1208 1654 1281 1717 pro·

160 1727 233 1802 pter
254 1715 312 1778 hos
334 1713 416 1777 duos
438 1714 479 1778 ab
499 1713 590 1776 omni
612 1711 755 1776 Saxonis
775 1715 948 1798 praecipue
970 1713 1056 1778 facta
1071 1716 1112 1778 sit
1126 1714 1280 1780 adversus

160 1821 271 1884 regem
297 1798 484 1876 coniuratio,
512 1797 659 1880 quamvis
681 1794 722 1859 ab
745 1797 825 1880 ipsis
847 1795 974 1860 duobus
995 1799 1135 1882 pessima
1155 1799 1281 1864 reddita

162 1885 204 1948 sit
231 1881 408 1946 retributis.
451 1881 536 1943 Nam
564 1889 734 1965 postquam
758 1881 903 1944 Saxones
925 1882 1054 1945 *omnes
1075 1882 1396 1947 manifestum*r·³³⁵·

162 1968 228 2030 iam
257 1975 368 2030 contra
395 1986 506 2028 reem
534 1961 654 2028 bellum
683 1972 868 2047 coeperunt,
894 1962 941 2026 illi
970 1964 1033 2028 duo
1060 1964 1136 2030 fidei
1156 1967 1279 2031 iuratae

163 2050 262 2132 obliti,
284 2050 380 2134 primi
401 1987 512 2112 relicta
533 2047 636 2132 patria
662 2048 846 2130 transfugae
866 2045 945 2112 viles
966 2047 1008 2112 ad
1029 2049 1135 2113 hostes
1157 2049 1280 2116 defece-

161 2145 246 2200 nmt.
289 2135 363 2198 Hoc
383 2154 460 2197 vero
482 2142 595 2217 postea
616 2129 748 2217 patebit.

250 2219 298 2282 17.
343 2217 431 2282 Gens
458 2237 534 2281 vero
562 2215 743 2279 Suevorum
772 2215 882 2279 audita
904 2215 1069 2280 Saxonum
1099 2217 1279 2283 calamitate
1342 2235 1409 2246 ““’“

163 2302 246 2368 clam
267 2301 390 2387 legatos
413 2321 487 2364 suos
509 2298 551 2362 ad
572 2298 641 2362 illos
664 2299 752 2363 misit
778 2308 810 2363 et
836 2299 949 2363 foedus
973 2321 1047 2364 cum
1069 2301 1115 2365 eis
1136 2301 1222 2381 fecit,
1244 2312 1280 2368 ut
1337 2318 1339 2342 ³

162 2396 276 2450 neuter
296 2383 435 2470 populus
457 2383 499 2446 ad
520 2381 650 2446 alterius
666 2383 906 2468 oppressionem
921 2384 991 2469 regi
1004 2384 1101 2449 ferret
1114 2385 1280 2452 auxilium.

162 2467 301 2534 Volebat
330 2470 416 2536 enim
441 2488 500 2530 rex
529 2469 625 2529 etiam
649 2465 773 2530 Suevos
795 2467 952 2531 violenter
974 2469 1163 2553 opprimere,
1193 2481 1224 2535 et
1245 2479 1281 2535 ut

163 2552 224 2616 sibi
252 2551 292 2615 de
319 2551 459 2636 praediis
489 2551 553 2612 suis
581 2549 752 2614 redderent
781 2551 902 2616 tributa
934 2551 1134 2636 compellere.
1183 2554 1281 2634 Quod

161 2636 275 2701 foedus
298 2635 443 2699 Saxones
471 2634 498 2696 si
526 2632 664 2696 fideliter
691 2645 880 2715 servassent,
908 2645 939 2700 et
968 2633 1009 2698 ab
1031 2637 1180 2700 infamiae
1210 2660 1281 2722 per·
1346 2713 1349 2724 ι

161 2720 257 2784 fidiae
279 2729 312 2783 et
332 2741 352 2782 a
373 2739 491 2802 magna
512 2727 603 2801 parte
625 2715 813 2782 calamitatis
835 2717 928 2782 liberi
948 2718 1090 2783 firissent.
1311 2785 1316 2792 ,
1337 2779 1349 2786 ,
1368 2772 1388 2784 ..
1416 2759 1423 2766 -

246 2805 296 2868 18.
341 2801 513 2886 Sigifridus
541 2801 748 2884 Magontinae
779 2801 863 2865 sedis
892 2801 1124 2886 archipraesul,
1154 2806 1280 2870 Werin-

159 2886 235 2952 hero
247 2885 561 2972 Magedaburgensir
583 2896 615 2949 et
629 2884 817 2949 Burchardo
837 2884 1092 2950 Halberstatensi
1120 2889 1280 2975 episcopis

159 2969 280 3036 litteras
303 2970 504 3056 querimonia
524 2967 635 3054 plenas
657 2970 752 3048 misit,
776 2969 863 3054 quod
884 2992 942 3034 rex
963 2971 997 3032 in
1017 2972 1205 3058 episcopatu
1222 2994 1279 3036 suo

159 3054 231 3120 loca
276 3051 515 3120 raedationibus
540 3052 697 3118 faciendis
719 3062 795 3137 apta
816 3051 974 3138 elegisset,
1001 3055 1178 3155 positisque
1199 3057 1281 3122 inibi

160 3078 299 3203 castellis
321 3149 352 3202 et
373 3137 552 3224 praesidiis,
574 3135 675 3200 multa
696 3135 781 3200 mala
802 3136 898 3201 rebus
922 3160 999 3202 suae
1022 3139 1174 3204 ecclesrae
1196 3139 1280 3205 face-

160 3231 219 3286 ret.
268 3223 408 3305 Rogavit
444 3223 540 3286 etiam
572 3221 606 3282 in
634 3221 754 3284 eisdem
786 3220 914 3302 litteris,
949 3232 1105 3307 quatenus
1136 3245 1170 3287 se
1204 3246 1278 3287 cum

160 3303 296 3368 Annene
319 3303 502 3368 Coloniensi
523 3303 767 3388 archiepiscopo
789 3302 974 3368 fidelissimo
996 3305 1125 3370 foedere
1148 3307 1279 3370 coniun-

159 3398 287 3474 gerent3
308 3410 374 3450 non
395 3387 482 3473 quod
504 3385 646 3472 qualibet
667 3387 834 3450 inimicitia
848 3386 1030 3467 dissilirent,
1052 3388 1109 3451 sed
1124 3391 1200 3474 quia
1214 3411 1280 3454 uon

159 3471 232 3538 talis
253 3471 393 3534 amicitia
414 3492 469 3534 eos
490 3469 626 3533 fideliter
646 3468 809 3543 adunaret,
832 3479 868 3532 ut
888 3480 1022 3554 uterque
1044 3470 1135 3535 alteri
1157 3483 1280 3538 secreta

159 3578 219 3620 sua
247 3554 386 3634 credere,
414 3555 497 3617 sicut
525 3551 628 3633 vellet,
654 3553 796 3617 auderet.
840 3552 913 3616 Hoc
941 3561 1048 3617 autem
1069 3557 1156 3619 omni
1178 3579 1278 3642 regno

158 3640 227 3704 fore
248 3641 479 3718 necessarium3
502 3637 578 3723 quia
593 3637 620 3700 si
633 3634 680 3698 illi
694 3636 769 3711 duo,
792 3637 848 3721 qui
862 3637 999 3701 maiores
1015 3649 1104 3703 erant
1118 3641 1152 3704 in
1167 3663 1277 3726 regno,

158 3722 295 3787 fideliter
329 3721 364 3784 in
395 3743 495 3784 unum
526 3721 744 3802 convenirent,
774 3722 809 3783 in
840 3719 940 3784 multa
972 3723 1142 3788 securitate
1174 3735 1278 3788 totum

157 3829 293 3892 regnum
315 3806 504 3868 constituere
526 3805 715 3890 potuissent.
753 3804 825 3869 Hoc
845 3814 953 3869 autem
974 3803 1044 3870 illos
1059 3807 1142 3871 duos
1198 3810 1277 3872 isco-

183 3912 218 3954 os
240 3911 278 3954 eo
300 3887 393 3952 facile
416 3887 541 3952 efficere
562 3910 668 3973 posse,
691 3909 754 3973 quo
776 3888 856 3953 alter
876 3911 997 3967 eorum,
1028 3889 1149 3955 scilicet
1204 3914 1277 3976 age-

149 3914 387 4066 xdaburgensis,
419 3982 503 4036 esset
530 3971 643 4056 frater,
672 3972 751 4037 alter
779 3993 855 4036 vero
885 3972 1095 4038 consobrinus
1128 3977 1277 4061 superius

158 4133 181 4186 a)
195 4137 228 4176 ira
244 4137 270 4186 2,·
291 4138 373 4177 semoti
389 4139 410 4176 1.
484 4136 508 4186 b)
523 4140 546 4177 st
561 4138 581 4177 a.
657 4135 678 4188 c)
695 4136 847 4176 wilhelmum
864 4137 884 4175 1.
905 4136 942 4175 aad
956 4135 1020 4186 iufra
1039 4137 1079 4178 illa
1093 4138 1188 4176 nominis
1197 4137 1276 4186 forma

159 4195 273 4244 almerico
288 4197 388 4236 occurrit.
457 4194 481 4248 d)
497 4197 615 4237 Lutlsleve
632 4196 652 4237 2.
720 4193 742 4245 e)
758 4195 861 4234 infancie
879 4196 899 4234 1.
967 4193 1034 4246 stira
1048 4205 1096 4235 cam
1111 4198 1133 4237 2.
1148 4195 1275 4246 scribimus,-

159 4255 267 4303 unguas.
284 4259 303 4293 et
319 4255 426 4303 Magdsb.
445 4258 464 4296 1.

162 4370 190 4437 1)
210 4372 285 4424 Idem
305 4389 433 4440 agnomen
451 4372 527 4439 infra
546 4395 567 4429 ο.
588 4372 632 4422 26.
652 4380 676 4424 et
696 4390 717 4423 c.
736 4372 782 4424 45.
800 4370 936 4436 repetitur.
972 4369 1008 4422 W.
