3098 4818
432 360 553 412 BRUNO
570 360 621 410 DE
638 361 758 414 BELLO
778 361 965 416 saxonico,
1227 367 1261 416 19

140 528 292 594 fecerunt.
346 529 466 593 Verum
498 528 577 594 haec
608 527 757 594 faciendo
787 529 940 594 damnum
992 528 1100 595 uidem
1128 530 1259 618 aliquod
1271 549 1337 591 rora.

139 613 206 677 sive
229 611 455 678 contumeliam
477 614 542 677 suis
562 611 708 678 hostibus
729 612 916 696 intulerunt,
939 552 997 680 sed
1018 615 1134 679 exinde
1156 620 1259 701 magis
1300 693 1301 698 γ

139 706 252 760 cautos
278 718 333 761 eos
362 705 394 762 et
419 695 593 760 industrios
615 719 686 761 esse
708 696 894 762 docuertmt.
937 697 1026 783 Ergo
1056 721 1098 763 ex
1124 709 1259 785 utraque

137 791 229 878 parte
255 802 358 866 paene
386 779 519 865 singulis
542 779 655 845 diebus
683 780 808 845 fortiter
827 791 1003 866 pugnatum
1033 783 1090 847 sed
1112 783 1259 848 Saxones

137 863 213 928 mdc
234 863 381 928 fortiores
403 876 502 946 erant,
526 865 602 950 quia
623 875 656 929 et
676 863 842 929 castellum
865 887 960 928 suum
981 865 1016 929 in
1030 865 1135 930 altiori
1150 877 1259 933 monte

137 948 279 1033 positum
302 957 379 1022 erat,
401 950 447 1012 ita
467 958 504 1013 ut
524 949 559 1011 in
579 946 632 1011 illo
654 947 787 1013 inferius
809 949 982 1013 constituto
999 949 1105 1014 nullus
1120 951 1182 1013 nisi
1197 951 1258 1017 sub

136 1033 227 1096 tectis
249 1041 339 1095 tutus
360 1041 444 1096 esset
464 1055 483 1096 a
504 1031 640 1096 iactibus
661 1030 817 1117 lapidum,
840 1044 871 1097 et
891 1029 1032 1118 fatigatis
1052 1035 1128 1098 novi
1142 1033 1259 1098 milites

138 1113 366 1198 succedebant,
388 1124 420 1180 et
441 1117 487 1179 eis
509 1115 658 1180 alimenta
680 1117 809 1201 copiose
830 1115 1016 1200 veniebant3
1047 1139 1130 1203 quae
1152 1119 1259 1181 omnia

136 1197 281 1262 hostibus
304 1210 394 1264 erant
414 1208 555 1264 econtra.
598 1199 682 1263 Nam
702 1222 743 1264 ne
767 1223 807 1266 ue
827 1199 921 1265 facile
942 1199 1065 1287 lapides
1090 1203 1124 1264 in
1146 1200 1259 1266 altiora

137 1281 322 1364 mittebant,
354 1304 460 1382 neque
489 1282 589 1347 fessos
621 1285 708 1369 ipsos
741 1285 793 1347 a'‘
827 1283 1053 1366 sublevabant,
1087 1295 1119 1350 et
1144 1285 1268 1367 fames,

136 1367 311 1431 acerrimus
333 1367 444 1448 bosus,
466 1388 521 1432 cos
542 1389 607 1431 non
628 1389 743 1453 parum
764 1366 944 1468 affligebat3
990 1391 1051 1433 uae
1065 1391 1120 1433 eos
1135 1368 1258 1433 dudum

136 1449 280 1514 devictos
302 1450 345 1514 ad
367 1450 561 1516 deditionem
585 1452 758 1536 coegisset,
784 1453 848 1517 nisi
876 1453 922 1516 eis
949 1389 1038 1518 cibos
1061 1452 1194 1538 quidam
1216 1475 1258 1517 ex

136 1534 320 1600 Saxonibus
340 1534 450 1599 fintim
461 1535 686 1617 ministrarent,
699 1537 754 1622 qui
791 1537 858 1600 rius
873 1536 920 1599 eis
935 1535 1107 1601 familiares
1121 1535 1257 1602 fuerant.

219 1617 270 1682 30.
318 1618 446 1682 Interea
481 1641 541 1682 rex
575 1618 717 1704 singulos
755 1559 926 1684 deutonici
962 1622 1055 1705 regni
1093 1621 1257 1706 principes

136 1701 276 1787 supplex
301 1701 416 1785 adivit,
447 1724 481 1766 se
510 1703 550 1767 de
578 1724 678 1788 regno
701 1702 881 1778 saxoniae,
914 1704 1001 1788 quod
1029 1725 1102 1767 cum
1123 1713 1258 1789 paterna

134 1785 310 1850 hereditate
331 1795 399 1850 tum
421 1807 533 1851 eorum
555 1787 699 1850 omnium
726 1785 879 1852 electione
901 1788 1110 1873 suscepisset,
1139 1788 1256 1851 iniuste

135 1867 305 1954 depulsum
326 1868 476 1934 flebiliter
496 1869 661 1952 indicavit,
684 1871 718 1933 in
733 1892 798 1956 qua
818 1893 853 1934 re
868 1891 933 1934 non
947 1879 1014 1933 tam
1029 1869 1092 1934 sibi
1113 1870 1256 1934 dedecus

134 1952 270 2033 factum,
304 1975 400 2040 quam
432 1952 494 2016 illis
526 1954 693 2035 omnibus,
726 1955 782 2040 qui
813 1957 847 2018 in
877 1975 910 2017 se
939 1953 1074 2018 fuissent
1102 1953 1255 2039 despecti,

134 2038 292 2119 narravit3
313 2039 354 2103 ab
377 2036 526 2102 omnibus
547 2038 715 2120 auxilium,
739 2059 802 2124 quo
824 2049 857 2102 et
878 2046 1017 2102 suamet
1037 2035 1163 2101 illorum
1185 2039 1255 2100 vin-

134 2120 257 2186 dicaret
290 2121 457 2204 iniuriam,
491 2120 679 2208 suppliciter
710 2121 894 2207 postulavit.
944 2120 1010 2186 Sed
1040 2143 1105 2185 non
1137 2119 1255 2184 multos

133 2205 144 2268 i
170 2227 278 2270 sorum
306 2228 469 2270 sermones
496 2207 565 2270 eius
587 2207 776 2287 movebant,
806 2205 882 2292 quia
904 2203 1038 2292 quantas
1060 2203 1255 2269 calamitates

159 2287 319 2354 axonibus
341 2288 507 2370 intulisset,
529 2312 631 2399 paene
654 2313 764 2354 omnes
786 2297 954 2354 noverant:
999 2289 1163 2354 raesertim
1179 2288 1256 2373 quia

133 2371 247 2438 eadem
278 2372 363 2436 mala
394 2375 491 2439 etiam
521 2375 637 2438 buevis
670 2384 702 2438 et
733 2371 939 2439 orientalibus
971 2311 1106 2438 draucis
1138 2371 1254 2436 inferre

133 2455 287 2520 voluerat.
330 2457 454 2520 Tamen
477 2478 535 2520 suo
557 2459 659 2542 magis
682 2479 779 2542 quam
800 2456 884 2521 illius
909 2455 1023 2522 honori
1043 2457 1252 2543 prospiciunt,

134 2540 228 2624 eique
256 2562 290 2602 se
318 2550 470 2604 venturos
498 2540 532 2601 in
558 2539 714 2604 auxilium
744 2540 804 2604 hac
832 2541 955 2604 ratione
980 2541 1185 2626 promittunt,
1218 2549 1256 2603 ut

134 2620 318 2688 Saxonibus
344 2622 386 2686 ad
412 2621 566 2708 placitum
593 2625 792 2705 convocatis,
821 2625 988 2708 utriusque
1015 2625 1115 2708 partis
1141 2644 1253 2687 causas

133 2706 303 2792 diligenter
324 2715 547 2791 agnoscerent3
570 2717 602 2772 et
623 2709 651 2771 si
673 2706 803 2792 quidem
818 2729 892 2770 eum
908 2707 976 2770 sine
991 2705 1087 2791 culpa
1100 2705 1256 2769 violenter

133 2791 317 2873 eiecissent,
344 2791 420 2855 totis
449 2812 521 2855 eum
544 2791 667 2856 viribus
696 2792 730 2854 in
750 2811 886 2876 regnum
909 2811 1003 2854 suum
1023 2789 1189 2854 restituere
1210 2787 1255 2852 la-

132 2874 299 2958 borarent;
322 2875 350 2938 si
370 2895 447 2939 vero
463 2873 558 2960 culpa
573 2897 632 2940 sua
645 2884 762 2940 terram
778 2872 925 2938 omnibus
941 2872 1111 2960 opulentiis
1125 2871 1254 2958 plenam

133 2957 302 3023 stultorum
330 2957 470 3024 consiliis
495 2957 644 3024 credulus
666 2958 841 3041 amisisset,
870 2959 899 3022 ei
922 2959 950 3021 si
972 2980 1005 3022 se
1026 2955 1122 3022 vellet
1142 2955 1253 3019 audire

133 3042 312 3124 suaderent,
335 3053 492 3130 quatenus
513 3042 620 3107 furore
643 3042 789 3128 deposito
811 3042 963 3108 subiectis
986 3040 1049 3106 sibi
1069 3041 1253 3106 nationibus

132 3127 235 3191 iustus
258 3136 290 3190 et
310 3129 394 3212 pius,
418 3126 505 3213 quod
527 3137 611 3192 esset
631 3126 796 3214 proprium
815 3127 911 3211 regis,
934 3125 1094 3205 existeret,
1115 3145 1176 3188 nec
1198 3145 1253 3188 eos

134 3231 270 3295 quorum
298 3210 383 3274 malo
411 3209 542 3275 consilio
569 3209 723 3298 deceptus
752 3221 833 3292 erat,
866 3233 918 3274 am
942 3209 1003 3274 lius
1032 3207 1165 3273 audiret.
1210 3207 1253 3272 Se

132 3301 243 3357 contra
269 3293 413 3358 homines
442 3295 647 3377 christianos,
681 3297 867 3359 innocentes
902 3232 1027 3380 ultique
1062 3291 1253 3376 cognatione

131 3379 346 3463 propinquos,
381 3379 481 3462 gratis
515 3379 644 3442 omnino
676 3401 822 3465 pugnare
856 3377 1025 3462 denegant.
1071 3376 1160 3455 Quos
1189 3397 1253 3438 ser·

131 3482 243 3525 moues
264 3483 323 3525 rex
343 3461 416 3526 ideo
439 3463 532 3548 quasi
559 3472 668 3560 gratos
690 3463 833 3548 accepit,
862 3461 939 3546 quia
960 3459 1046 3546 quod
1067 3457 1254 3523 intendebat

131 3543 202 3608 fieri
229 3566 294 3608 non
320 3566 415 3644 posse
445 3555 610 3630 cognovit,
638 3546 761 3611 scilicet
788 3553 825 3609 ut
847 3546 914 3608 sine
934 3543 1052 3630 placito
1076 3541 1252 3607 Saxoniam

131 3649 205 3692 cum
229 3639 373 3693 exercitu
394 3627 571 3695 violentus⁸
592 3632 740 3712 intraret,
769 3638 802 3694 et
823 3649 878 3692 eos
899 3627 1017 3692 invitos
1039 3647 1116 3690 suae
1139 3625 1252 3690 ditioni

131 3713 294 3779 subiectos
317 3736 359 3776 ex
380 3711 489 3778 liberis
512 3734 622 3778 omnes
644 3735 753 3778 servos
774 3713 902 3778 faceret.
939 3711 1028 3776 Misit
1042 3711 1150 3796 itaque
1171 3731 1251 3772 nun·
1307 3743 1310 3748 ·

130 3797 193 3860 tios
221 3796 264 3860 ad
289 3798 453 3883 principes
476 3797 653 3880 Saxoniae,
685 3798 793 3862 omnia
819 3796 906 3860 bona
953 3795 1133 3876 remittens,
1160 3795 1188 3857 si
1217 3815 1252 3857 se

154 3881 350 3946 ermitterent
370 3882 404 3945 in
424 3903 560 3964 regnum
583 3903 677 3945 suum
699 3903 772 3944 cum
793 3901 874 3966 pace
895 3819 1016 3962 redire;
1040 3878 1152 3944 Ottoni
1166 3877 1251 3959 duci,

130 3901 171 4027 dc
201 3985 265 4050 quo
294 3965 416 4030 sciebat
445 3965 588 4028 omnium
614 3963 746 4029 consilia
772 3963 931 4050 pendere,
958 3963 1113 4027 honorem
1134 3961 1251 4025 iniuste

131 4046 272 4112 ablatum
293 4047 461 4196 plollicetur
490 4069 563 4112 cum
593 4069 711 4133 magno
737 4057 910 4132 augmento
931 4049 1114 4128 restituere,
1144 4045 1171 4108 si
1193 4042 1250 4108 seb

131 4129 225 4195 vellet
246 4133 286 4195 in
323 4155 453 4197 onorem
474 4132 644 4218 pristinum
665 4131 829 4196 reducere.

214 4216 266 4278 31.
309 4216 412 4301 Igitur
426 4216 571 4281 exercitu
586 4213 717 4302 quidem
731 4236 860 4300 magno,
883 4213 940 4278 sed
953 4233 1019 4276 non
1033 4211 1075 4277 ad
1095 4208 1251 4298 praelian-
1262 4232 1327 4274 rora.

132 4357 155 4412 a)
171 4361 286 4404 violenter
302 4365 321 4404 2.
383 4363 407 4416 b)
423 4365 478 4405 dccet
495 4367 520 4416 ¹3
536 4375 589 4406 eum
606 4359 640 4408 lb.

974 4434 1018 4499 2*
