3098 4818
434 365 557 418 BRUNO
577 366 627 416 DE
647 365 769 417 BELLO
789 364 983 417 SAXONIOO.
1233 367 1266 416 ‘17

147 536 232 598 triae
254 535 407 614 incurrit,
436 543 464 597 et
487 533 574 618 quod
595 533 707 597 beatus
730 532 923 619 Gregorius,
946 533 1059 597 doctor
1080 541 1215 595 sanctus
1238 542 1343 597 etron.

148 617 366 700 numillimus,
404 639 495 703 repes
528 617 668 680 decrevit
697 640 719 681 a
746 621 817 682 suis
846 617 1067 702 dipnitatibns
1095 616 1211 679 cadere
1238 626 1267 681 et

142 703 408 786 participatione
441 703 591 784 corporis
625 711 653 763 et
686 703 866 786 sanquinis
896 701 1022 765 domini
1057 700 1164 763 nostri
1192 701 1267 765 Iesu

151 785 275 850 Cbristi
304 808 425 866 carere,
459 785 490 848 si
516 795 767 868 praesumerent
797 785 997 869 apostolicae
1030 784 1117 850 seclis
1138 784 1267 848 decreta

147 879 383 954 contempnere.
427 867 467 933 Si
493 870 580 932 enim
610 868 758 933 coelestia
784 879 813 932 et
838 868 1036 952 spiritualia
1063 868 1154 932 sedes
1183 867 1268 932 beati

148 953 237 1017 Petri
259 953 354 1018 solvit
376 963 404 1017 et
425 952 564 1033 iudicat,
587 962 709 1038 quanto
730 955 839 1039 muqis
859 963 990 1018 terrena
1011 963 1040 1017 et
1055 951 1267 1016 saecularia?

149 1035 249 1101 Scitis
278 1047 395 1117 autem,
416 1035 545 1120 fratres
573 1037 748 1117 carissimi,
785 1041 865 1122 qvia
894 1059 934 1099 ece
963 1060 1024 1122 quo
1057 1047 1198 1119 tempore
1226 1035 1266 1100 ab

155 1120 236 1184 Urbe
252 1121 422 1200 scivimus,
444 1123 481 1184 in
502 1143 624 1205 mapno
634 1119 785 1204 periculo
800 1123 887 1184 inter
900 1122 1051 1185 inimicos
1065 1121 1268 1184 christianae

139 1203 227 1286 fidei
261 1206 452 1285 mannmns,
488 1213 517 1267 et
551 1214 660 1268 tamen
696 1214 830 1268 neutro*¹
858 1204 1108 1289 praedictorum
1143 1227 1268 1304 rapum,

149 1311 190 1351 ne
211 1309 251 1352 ue
272 1297 394 1352 terrore
416 1311 518 1372 neque
546 1311 655 1352 amore
666 1289 763 1373 flevi,
796 1289 933 1373 aliquod
961 1299 1077 1353 contra
1103 1289 1267 1352 iustitiam

149 1311 353 1437 adiutorium
377 1373 602 1455 promisimus.
645 1373 764 1458 Μαρία
788 1374 875 1437 enim
896 1372 1045 1437 volumus
1065 1380 1206 1452 mortem,
1237 1373 1267 1436 si

147 1465 281 1539 oportet,
305 1455 425 1537 subire,
448 1479 546 1541 quam
563 1458 713 1540 proprio
734 1457 899 1529 voluntate
921 1458 1050 1538 devicti,
1074 1466 1110 1521 ut
1131 1456 1266 1521 ecclesia

147 1540 213 1604 Dei
235 1540 281 1604 ad
308 1539 533 1624 confusionem
554 1541 664 1604 veniat
686 1545 877 1605 consentire.
920 1541 975 1606 Ad
1001 1542 1059 1606 boc
1090 1543 1176 1604 enim
1205 1561 1265 1605 nos

147 1624 319 1688 ordinatos
341 1634 371 1687 et
392 1626 428 1687 in
445 1624 627 1707 apostolica
645 1623 718 1688 sede
733 1628 923 1689 constitutos
946 1647 1013 1690 esse
1028 1626 1263 1712 cognoscimus,

146 1718 182 1772 vt
209 1710 247 1771 in
278 1709 357 1770 bac*
384 1709 454 1770 vita
485 1731 552 1770 non
582 1729 665 1792 quae
694 1719 818 1788 nostra,
852 1709 909 1773 secl
936 1733 1019 1794 qnae
1040 1711 1116 1773 Iesu
1141 1709 1371 1774 charein-³²1.

146 1801 232 1871 sunt,
265 1813 474 1875 quaeramus,
506 1801 535 1853 et
564 1812 628 1874 per
652 1791 769 1855 multos
801 1791 927 1856 labores
955 1803 1093 1875 patrum
1125 1794 1265 1876 vestipia

145 1884 338 2022 iquemesir
351 1875 397 1937 acl
413 1873 572 1958 futuram
599 1884 628 1936 et
651 1884 817 1939 aeternam
840 1877 975 1960 quietem
998 1876 1068 1940 Deo
1089 1884 1265 1941 miserante

159 1982 197 2023 en
224 1982 302 2106 ‘ibib
342 2009 498 2127 incoeptis
520 1999 569 2106 liis
584 2041 706 2125 litteris,
726 2040 954 2106 Bernhardus⁰
976 2041 1156 2124 cardinalis,
1179 2041 1267 2128 quod

147 2125 210 2189 sibi
224 2126 403 2190 iniunctum
420 2136 478 2208 est,
501 2127 679 2212 exequitur.
723 2125 768 2190 At
782 2135 939 2190 nostrates
955 2147 1029 2190 cum
1043 2127 1130 2212 ipsas
1145 2125 1265 2190 litteras

146 2211 356 2358 accepissent,
379 2231 531 2294 amegne
551 2233 608 2296 spe
624 2231 721 2296 quam
736 2211 769 2274 in
785 2209 962 2296 apostolica
976 2221 1068 2297 petra
1082 2219 1265 2296 posuerant,
1312 2252 1316 2265 »

146 2295 218 2358 cxci
243 2303 346 2377 erunt,
376 2295 452 2380 quia
479 2295 570 2394 prius
593 2294 717 2358 coelum
739 2306 823 2360 stare
845 2293 897 2358 vel
923 2305 1042 2360 terram
1064 2293 1267 2360 crediderant
1308 2336 1313 2358 .-

146 2376 228 2442 eoeli
249 2377 346 2442 modo
367 2400 500 2460 moverr,
523 2399 621 2465 quam
643 2378 826 2444 cathedram
842 2379 930 2443 Petri
951 2380 1097 2444 amittere
1120 2388 1266 2443 constan·

146 2462 224 2525 tiam
252 2463 349 2525 Petri.
393 2462 462 2525 Has
489 2484 566 2547 ergo
598 2460 718 2527 litteras
749 2464 780 2526 ei
807 2463 1008 2545 remiserunt,
1045 2462 1162 2549 quibus
1191 2483 1266 2526 eum

146 2543 291 2626 ancillae,
319 2546 496 2630 praesentis
519 2544 642 2610 scilicet
661 2547 757 2626 vitae,
786 2547 991 2632 perterritum
1019 2549 1142 2626 timore,
1173 2547 1267 2632 quasi

145 2649 227 2693 voce
248 2626 326 2728 galli
347 2627 514 2693 clamantis
528 2629 680 2711 excitare,
702 2640 735 2694 et
748 2640 898 2714 respectu
913 2629 1031 2695 Christi
1053 2630 1267 2694 confortatum

145 2712 188 2776 ad
210 2713 362 2798 pnstinae
383 2713 534 2779 virtutem
557 2714 754 2778 constantiae
775 2735 927 2778 revocare
948 2713 1132 2778 voluerunt:

232 2797 303 2862 108.
346 2797 475 2862 Domno
504 2798 681 2883 apostolico
704 2807 732 2862 et
756 2798 936 2862 venerabili
955 2820 1072 2883 papae
1095 2797 1266 2884 Greporio,

146 2882 232 2946 beati
246 2881 337 2946 Petri
342 2881 356 2922 ‘³
363 2880 480 2964 fideles
495 2892 524 2946 et
538 2885 603 2962 sai,
618 2891 745 2946 tontum
760 2883 925 2946 servitutis
946 2891 1107 2967 quantum
1118 2883 1268 2966 oppressi

145 2964 264 3030 volent.
308 2966 433 3032 Multas
453 2969 522 3031 iam
544 2968 621 3030 buia
640 2976 774 3031 sanctae
795 2967 868 3030 sedi
883 2988 950 3051 pro
970 2967 1110 3031 diversis
1130 2965 1265 3030 calami·
1350 2966 1433 3060 stef
1452 2995 1464 3005 ‘

144 3051 266 3116 tatibus
288 3052 409 3115 nostris
431 3051 656 3137 querimonias
677 3052 898 3135 seposuimus.
937 3049 1033 3124 Quod
1055 3059 1162 3114 antem
1187 3073 1267 3116 non·

146 3135 224 3198 dum
248 3133 378 3219 aliquid
398 3137 545 3200 iustitiae
560 3135 609 3200 vel
623 3135 856 3200 consolationis
871 3140 1034 3200 consecuti
1056 3158 1177 3217 sumus,
1200 3157 1266 3199 non

147 3227 215 3282 tam
229 3227 353 3282 vestrae
373 3221 544 3282 sanctitati
558 3242 657 3305 quam
678 3222 799 3284 nostris
846 3221 963 3284 eccatis
978 3220 1188 3304 imputamus.
1226 3217 1267 3283 Si

146 3303 253 3388 i9itur
274 3311 384 3366 nostro
406 3301 543 3368 consilio
564 3313 594 3366 et
609 3305 757 3390 propria
771 3304 810 3368 de
824 3304 1001 3368 iberatione
1022 3325 1100 3383 rem,
1119 3325 1183 3387 pro
1220 3325 1267 3366 na

147 3395 242 3450 tanta
256 3385 347 3450 malo
357 3409 416 3450 nos
427 3389 632 3468 invenerunt,
649 3389 800 3473 oppressi
807 3387 1003 3471 fnisse-mus,
1018 3387 1127 3450 minus
1140 3323 1266 3450 moliste

137 3471 319 3555 ferendum
340 3480 431 3553 esset,
458 3473 489 3535 si
518 3471 564 3535 acl
584 3473 841 3536 succurrendum
868 3471 962 3534 nobis
983 3479 1089 3534 vestra
1115 3471 1266 3555 pravitas

146 3577 179 3620 se
200 3555 332 3618 tardius
354 3558 501 3640 eriperet.
533 3555 632 3619 Nunc
654 3564 761 3618 autem
784 3556 953 3618 sarcinam
974 3553 1067 3618 illam
1082 3577 1181 3640 qvam
1196 3554 1266 3618 sola

146 3647 253 3703 vestra
276 3642 468 3704 auctoritate
482 3640 609 3704 iubente
625 3641 835 3724 suscepimus,
858 3638 969 3702 eadem
986 3661 1110 3728 quoque
1132 3661 1266 3702 manum

147 3744 211 3806 sup
237 3731 350 3787 onerate
370 3723 512 3809 levipari
540 3725 693 3808 oportuit.
714 3771 717 3778 .
738 3725 838 3787 Testis
867 3732 913 3787 est
945 3721 1133 3787 mcetlcnrtc
1158 3732 1267 3786 vestra

146 3816 176 3871 et
207 3745 333 3871 litterae
364 3812 504 3887 vestrae,
541 3829 624 3894 quas
655 3809 692 3872 in
725 3808 943 3871 testimonium
977 3806 1145 3887 babemus,
1185 3809 1266 3892 quia

148 3903 267 3977 neque⁸
289 3891 428 3955 consilio
451 3901 561 3955 nostro
583 3915 641 3955 nec
656 3893 753 3954 etiam
768 3914 835 3976 pro
851 3914 956 3954 causa
978 3899 1103 3970 nostra,
1126 3891 1183 3954 sed
1201 3911 1266 3974 pro

146 3974 250 4040 illatis
266 3976 337 4039 sedi
352 3974 550 4060 apostolicae
564 3977 702 4040 iniuriis
716 3998 823 4060 repam
838 3983 984 4038 nostrvm
998 3983 1090 4064 repta
1106 3973 1267 4060 cliynitate

144 4061 315 4143 privastis,
327 4060 483 4145 nobisque
495 4060 643 4123 omnibus
654 4059 793 4124 terribili
803 4061 1078 4139 interminatione,
1092 4080 1132 4120 ne
1144 4061 1175 4122 ei
1185 4065 1267 4122 sicut

147 4146 221 4229 repi
241 4145 433 4224 serviamus,
455 4143 684 4222 interdimistis,
706 4152 735 4205 et
757 4155 865 4206 omnes
885 4143 1083 4207 christianos
1100 4164 1121 4204 a
1135 4142 1266 4206 vinculo

147 4227 341 4310 iuramenti,
364 4228 451 4315 qvod
473 4229 504 4292 ei
516 4227 672 4310 fecerunt
694 4226 741 4290 vel
752 4227 899 4310 facient,
928 4225 1126 4308 absolvistis,
1149 4226 1267 4290 deinde

149 4371 172 4424 a)
188 4376 265 4415 neunt
280 4376 306 4417 n.
353 4376 375 4428 b)
391 4378 453 4418 Data
468 4381 506 4417 etc.
522 4382 547 4416 nt
562 4387 631 4427 cupra
647 4376 673 4416 Β.
720 4373 741 4426 c)
758 4377 785 4416 B.
803 4377 823 4415 1.
874 4373 898 4426 d)
913 4374 969 4416 elesa
985 4377 1007 4417 1.
1052 4373 1074 4426 s)
1092 4385 1134 4415 nso
1149 4385 1192 4426 pro
1208 4383 1227 4415 c.
1245 4374 1267 4415 8.

1307 2795 1405 2861 ,11

1312 2837 1345 2947 >3

1385 2750 1407 2799 ,i

1346 2806 1417 2842 .r¹'

1347 2835 1447 2977 tl*

1410 2737 1507 2918 lte-1

1398 3055 1420 3114 l
