3098 4818
404 363 526 416 BRUNO
546 363 597 414 DE
616 363 736 416 BELLO
757 363 951 416 SAXONIOO.
1207 369 1242 419 ts

123 553 190 596 non
208 531 331 616 perdat
352 531 408 595 sed
430 532 592 595 custodiat
614 530 765 595 suadete:
787 541 824 593 nt
845 539 874 594 et
895 531 949 596 ille
970 533 1001 596 si
1015 555 1070 596 oos
1086 533 1241 615 audierit,
1254 554 1322 598 sous.

121 624 151 678 et
171 637 228 678 nos
250 617 280 679 si
301 615 377 678 bene
400 617 609 696 suaserititis,
633 623 797 678 aeternam
819 615 992 679 mercedem
1015 618 1198 701 recipiatis.

206 699 258 762 49.
301 699 441 762 Domnis
463 699 528 764 Ns
549 709 579 763 et
600 699 644 762 N.
673 697 894 762 sacerdotibus
923 701 1045 764 sanctis
1067 701 1240 784 ceterisque

120 783 204 845 viris
227 783 369 847 eiusdem
390 783 523 846 uirtutis
545 792 573 846 et
597 782 735 862 ordinis,
758 782 987 846 Werinterasb
1006 782 1126 866 plenus
1153 786 1242 848 omni

120 866 265 946 miseria,
289 876 422 930 aeterna
438 868 648 951 participari
669 866 907 930 misericordia.
954 863 1112 939 Quamvis
1133 889 1240 931 omnes

119 948 393 1034 supplicationes,
445 973 507 1014 uas
535 959 659 1015 vestrae
683 951 883 1034 paternitati
911 950 1014 1014 verbis
1043 950 1093 1014 uel
1124 950 1241 1015 litteris

114 1031 194 1116 feci,
225 1034 329 1098 nicln'l
356 973 455 1098 micbi
485 1035 593 1098 adbuc
621 1034 748 1097 videam
778 1032 957 1118 profuisse,
987 1043 1095 1097 tamen
1123 1036 1241 1100 iterum

121 1126 246 1180 nestrae
269 1119 391 1201 pietati
417 1140 598 1183 non·cesso
628 1117 834 1200 supplicare,
865 1127 900 1180 nt
928 1119 958 1180 si
989 1140 1045 1182 uos
1078 1141 1151 1181 nec·
1168 1139 1240 1181 mea

121 1201 304 1264 innocentie
326 1199 511 1279 calamitas,
533 1225 591 1265 nec
613 1223 697 1286 qnae
718 1199 767 1264 uel
789 1201 976 1265 nocentibus
996 1199 1071 1265 solet
1083 1203 1240 1281 misereri,

109 1283 216 1368 flectit
237 1283 308 1348 nlla
328 1287 444 1368 pietas,
466 1283 579 1350 saltem
599 1305 655 1348 nos
677 1285 786 1348 taedio
809 1307 867 1349 sno
889 1307 961 1348 mea
983 1287 1094 1350 vineat
1115 1287 1238 1370 impor-

120 1370 256 1432 tunitas.
300 1368 364 1431 Per
387 1371 613 1454 omnipotentie
633 1370 740 1454 iqitur
762 1369 827 1432 Dei
848 1368 1048 1433 clementiam
1075 1391 1131 1433 nos
1159 1390 1238 1454 rouo

115 1453 247 1535 puriter
268 1461 297 1514 et
318 1474 440 1534 moneo,
458 1453 629 1536 praesules
652 1453 862 1532 sanctissimi,
886 1462 921 1516 ut
941 1454 978 1516 in
998 1475 1049 1516 me
1070 1475 1126 1517 nos
1148 1455 1239 1536 ipsos

120 1537 329 1601 considerare
359 1536 552 1622 dignemini,
581 1547 610 1599 et
637 1559 685 1599 me
713 1559 778 1599 non
808 1536 911 1600 solnm
932 1538 968 1600 in
991 1536 1079 1600 nullo
1102 1539 1238 1600 crimine

119 1622 310 1700 conuictum,
334 1621 390 1684 sed
412 1644 469 1684 nec
492 1623 531 1685 de
559 1619 644 1684 ullo⁰
671 1623 807 1684 erimine
834 1619 1066 1702 compellatum,
1092 1621 1237 1684 condem·

120 1705 202 1767 nari
222 1727 263 1768 ne
280 1705 473 1787 patiamini.
520 1703 645 1788 Culpa*
668 1703 767 1766 micbi
783 1705 884 1786 prins
898 1703 1101 1786 imponatur,
1124 1704 1285 1787 dalea-‘n
1303 1715 1356 1758 ⁸⁴⁷·

117 1787 222 1850 sionis
251 1788 351 1850 micbi
377 1787 467 1850 locus
496 1789 645 1865 donetur,
675 1787 732 1849 nbi
760 1786 808 1848 oel
835 1808 952 1850 nocens
979 1797 1083 1851 oestro
1111 1787 1238 1852 indicio

118 1869 257 1954 diynnm
279 1892 381 1955 coqar
402 1871 510 1935 subire
523 1869 744 1955 supplicium,
765 1869 815 1932 uel
835 1870 993 1933 innocens
1014 1880 1156 1934 nestrum
1178 1871 1237 1935 snb

117 1955 233 2039 qratia
256 1953 382 2018 domini
401 1954 526 2018 nostrid
542 1975 668 2016 merear
682 1952 799 2016 babere
814 1955 1020 2016 consortium.
1056 1952 1138 2026 Quis
1154 1955 1238 2018 enim

107 2036 185 2120 fuit
207 2059 355 2122 nunquam
373 2039 456 2102 iuste
473 2039 576 2124 prins
592 2037 780 2116 damnatus,
803 2036 955 2120 quamde
971 2035 1082 2122 aliquo
1101 2038 1238 2102 crimine

107 2120 234 2204 suisset
256 2121 451 2185 accusatus?
493 2122 651 2186 Nondum
672 2120 773 2184 micbi
800 2121 938 2206 coqnoui
965 2121 1095 2205 culpam
1123 2143 1236 2206 quam-

119 2203 193 2268 libet
214 2207 350 2290 imponi,
373 2215 401 2269 et
422 2207 490 2270 iam
534 2209 610 2270 nasi
631 2206 806 2269 criminum
827 2203 1048 2288 plurimorum
1072 2207 1238 2268 convictus

113 2311 244 2373 poenas
271 2291 481 2354 saevissimas
510 2229 596 2354 dedi.
649 2286 743 2362 Quod
776 2290 805 2351 si
833 2310 881 2352 me
907 2289 1082 2374 queisqnam
1105 2288 1237 2352 domino

118 2393 186 2436 meo
199 2371 312 2456 fnisse
334 2373 383 2437 nel
405 2397 471 2437 esse
488 2372 656 2459 perfidum
677 2373 883 2452 criminatur,
912 2394 977 2435 reon
1006 2374 1117 2436 minus
1139 2394 1239 2456 qnam

120 2457 178 2540 qni
193 2456 279 2520 dimit
293 2457 454 2521 Domino:
478 2458 683 2520 ‘Demoninm
699 2455 805 2518 babes'
827 2457 989 2518 mentitur.
1028 2457 1118 2521 Haec
1133 2458 1239 2542 igitur

119 2561 191 2602 cum
215 2539 344 2603 domino
366 2549 475 2604 nostro
504 2541 669 2604 cmmenter
695 2547 842 2619 tractate,
871 2547 900 2602 et
926 2547 962 2602 ut
989 2562 1022 2603 se
1043 2563 1151 2626 reqem
1173 2563 1239 2604 esse

119 2625 291 2708 recogitete
307 2624 448 2705 suadete,
472 2633 501 2687 et
516 2624 602 2688 unde
617 2625 733 2687 recusit
749 2622 936 2707 appellatus
951 2623 1083 2688 edocete.
1127 2624 1238 2688 Vestra

119 2728 245 2792 qnoque
266 2709 433 2792 sapientia
455 2708 613 2793 dignetur
634 2729 741 2770 secum
758 2728 912 2790 pensare,
935 2709 1031 2771 cuins
1052 2705 1101 2770 uel
1122 2707 1239 2791 quanti

118 2792 267 2854 criminis
289 2794 340 2872 sil,
363 2791 572 2856 ecclesiarum
586 2791 672 2855 bona
687 2799 829 2869 uastare,
851 2791 945 2873 ipsas
960 2789 1111 2854 ecclesias
1129 2789 1237 2875 polln-

119 2895 172 2938 ere
193 2874 243 2938 vel
263 2876 435 2940 incendere
442 2899 454 2958 ,¹
477 2886 506 2940 et
527 2876 557 2940 si
578 2874 679 2938 ndum
698 2873 747 2938 nel
760 2895 918 2958 maqnnm
933 2876 1054 2938 crimen
1070 2895 1136 2938 esse
1151 2875 1238 2938 nide-

120 2967 207 3039 atur,
228 2958 283 3023 inf
305 2961 362 3023 boc
378 2981 433 3024 uos
448 2961 579 3024 domino
602 2967 711 3022 nostro
726 2957 843 3039 fideles
857 2978 923 3020 esse
940 2957 1087 3041 probate,
1111 2967 1146 3021 nt
1161 2958 1239 3022 dnm

119 3063 192 3105 enm
222 3042 262 3106 ab
290 3045 413 3108 iniusto
443 3045 636 3121 reuocatisss,
665 3043 735 3106 eins
765 3043 912 3105 animam
942 3041 982 3104 ab
1004 3043 1157 3106 incendio
1185 3063 1237 3128 qe-

119 3125 247 3190 bennae
261 3125 401 3192 liberetis
409 3150 421 3208 ;
445 3149 484 3190 ne
504 3127 582 3192 dum
597 3125 651 3190 ille
666 3135 799 3190 esterna
814 3134 1003 3190 sanctornm
1017 3126 1103 3190 bona
1116 3127 1238 3190 iniuste

119 3209 286 3290 devastat,
319 3212 459 3274 internis
495 3211 587 3275 bonis
617 3220 805 3274 sanctornm
831 3211 943 3295 qratia
967 3211 1124 3293 privatus
1156 3211 1239 3274 iuste

119 3301 240 3357 careat.
288 3294 488 3358 Recordatur
518 3295 615 3358 etiam
639 3295 824 3378 prudentia
854 3302 969 3374 uestra,
1001 3296 1081 3378 quia
1108 3302 1239 3357 mortem

118 3378 268 3440 minatur
293 3377 458 3461 apostolus
484 3400 551 3442 non
580 3376 683 3442 solnm
711 3387 810 3441 morte
836 3378 942 3463 dignu
955 3377 1159 3460 facientibus
1183 3377 1239 3440 sed

120 3459 237 3523 etiam¹¹
261 3462 541 3527 consentientibus.

202 3541 253 3607 50.
296 3543 479 3608 Friderieus
511 3565 606 3626 vero,
645 3543 833 3606 Monasterii
865 3540 994 3628 praesul
1027 3542 1238 3623 venerandus,

118 3627 195 3712 quia
222 3626 263 3691 de
295 3629 411 3692 nostris
440 3629 585 3714 partibus
608 3635 676 3692 erat
698 3626 851 3692 oriundus
880 3636 912 3692 et
932 3625 1239 3712 Magadaburgensis

118 3709 272 3775 eeclesiae
286 3711 390 3778 fuerat
405 3711 479 3776 olim
495 3713 676 3792 canonieus,
692 3711 933 3810 archiepiscopo
949 3709 1241 3796 Magadaburgensi

117 3793 239 3859 litteras
260 3797 357 3878 misit,
381 3796 499 3882 quibus
521 3796 612 3860 sumi
635 3805 844 3876 eommonmt,
872 3807 907 3860 ut
929 3816 1119 3881 quoeunque
1144 3794 1240 3859 modo

163 3879 285 3962 tuisset,
310 3901 423 3964 pacem
448 3880 648 3944 lacerosum
671 3901 746 3964 rege
768 3888 936 3964 satageret.
981 3878 1106 3958 Quibus
1127 3879 1240 3944 litteris

118 3899 177 4025 bis
199 3961 322 4028 litteras
344 3963 653 4050 Magadaburgensis
674 3962 891 4048 archipraesul
913 3964 1049 4027 remisit:

203 4047 254 4111 51.
291 4047 465 4114 Sacerdoti
478 4049 544 4114 Dei
565 4048 756 4112 ll‘iclericok
778 4049 993 4128 sanctissimo,
1015 4046 1239 4110 Werinberus¹

118 4189 142 4241 a)
158 4191 186 4232 N.
203 4192 284 4234 addidi.
301 4193 364 4233 Hanc
380 4195 492 4244 cantelam
507 4195 585 4234 &dem
600 4192 706 4242 episcopis
721 4191 807 4231 musam
822 4193 905 4232 metuit
916 4191 1040 4232 Annaliun.
1062 4188 1092 4230 W.
1138 4187 1163 4240 b)
1173 4187 1231 4230 W.1

120 4247 141 4298 e)
156 4249 197 4289 illo
214 4253 233 4290 1.
287 4249 311 4303 (1)
328 4253 389 4302 regis
413 4254 464 4294 add.
481 4254 501 4295 2.
555 4251 576 4304 a)
593 4252 625 4291 ita
641 4252 667 4302 ἲς
684 4252 799 4299 cogintl.
853 4252 870 4303 t)
887 4263 907 4294 v.
918 4251 991 4291 nichil
1004 4260 1044 4290 vos
1061 4251 1081 4290 1.
1136 4247 1159 4300 g)
1177 4259 1242 4289 revo-

118 4309 184 4419 llud
194 4310 219 4407 1.1
259 4308 283 4361 h)
301 4313 323 4352 et
340 4314 359 4352 1.
412 4310 430 4364 i)
447 4323 499 4354 eum
515 4315 541 4352 ut
556 4310 631 4352 fidelis
646 4314 722 4350 terrae
739 4310 767 4350 tls
784 4320 830 4360 qua
845 4313 913 4350 natus
929 4313 980 4350 arat
996 4320 1014 4351 c.
1031 4309 1051 4348 2.
1097 4305 1121 4360 k)
1137 4308 1164 4349 F.
1182 4309 1202 4348 1.
1221 4309 1242 4350 2.
1277 4347 1304 4363 ,-
