3116 4822
336 373 372 424 60
534 373 585 424 Da
605 371 763 424 UNITATE
782 370 986 424 accessum
1007 369 1285 424 cousuavluns.

334 551 434 607 tatem
461 539 652 605 abscindere
680 551 713 605 et
738 561 907 626 perversos
939 539 1145 624 perturbare3
1175 537 1271 624 quod,
1298 539 1467 626 inquiunt,
1491 533 1494 590 ἶ

358 627 392 690 ui
424 624 558 712 negligit
590 623 711 706 facere,
752 624 952 688 convincitur
981 623 1140 708 impietati
1173 644 1284 688 eorum
1316 623 1459 689 favere¹.
1494 626 1496 708 l

336 649 517 776 detestante
539 710 626 774 enim
647 707 761 773 eodem
783 718 876 794 patre
899 705 1091 856 Gregoriffl,
1119 706 1255 772 ecclesia
1280 707 1322 772 ab
1344 707 1461 774 adver-
1494 715 1497 806 l

336 795 428 860 sariis
450 795 516 858 suis
538 793 794 880 persecutionem
815 794 938 877 patitur
982 790 1085 856 uobus
1107 791 1221 873 modis,
1251 791 1375 858 scilicet
1401 801 1463 859 aut

336 879 443 944 verbis
469 887 526 942 aut
552 877 677 964 gladiis.
721 892 776 945 Sed
801 909 859 944 cum
882 891 977 955 uerbis,
1009 877 1122 962 inquit,
1144 890 1353 957 persecutionem
1376 891 1461 944 susti-

334 978 387 1033 uet,
406 974 542 1021 coercetur
560 966 617 1020 cius
636 967 777 1034 sapientia,
802 983 861 1018 cum
879 982 941 1019 vcro
958 966 1067 1032 gladiis,
1086 973 1220 1018 exercetur
1239 965 1296 1018 cius
1310 965 1459 1031 patientia.

334 1035 420 1101 Ecce
447 1037 666 1122 inpugnamur
687 1056 752 1098 non
774 1032 878 1098 solum
899 1031 1051 1119 periculis
1071 1031 1228 1098 bellorum
1254 1031 1308 1098 vel
1336 1035 1459 1118 pugnis

334 1125 517 1203 verborum,
550 1119 608 1184 sed
636 1119 734 1184 etiam
761 1118 889 1204 scriptis
916 1118 1184 1198 adversariorum,
1213 1125 1246 1182 et
1274 1116 1361 1203 quod
1383 1139 1459 1202 gra-
1501 1147 1503 1168 r

333 1206 503 1270 vissimum
536 1203 630 1268 nobis
663 1215 725 1285 est,
761 1201 1006 1267 introducuntur
1036 1211 1148 1268 contra
1179 1222 1238 1266 nos
1270 1203 1458 1268 testimonia

335 1289 526 1355 Sanctarum
556 1288 811 1372 Scripturarum3
844 1295 880 1350 ut
911 1307 959 1368 ea,
993 1284 1111 1372 quibus
1145 1286 1311 1351 coronavit
1342 1285 1459 1350 Domi·
1505 1311 1506 1316 ¹

333 1395 394 1438 nus
416 1372 585 1438 ecclesiam
606 1393 699 1436 suam
720 1393 780 1456 per
802 1380 929 1436 sanctos
950 1379 1057 1456 patres
1080 1371 1172 1458 quasi
1193 1380 1285 1436 scuto
1314 1370 1459 1456 quodam

357 1457 552 1536 rotectionis,
584 1476 671 1520 nunc
703 1477 745 1519 ex
776 1466 868 1540 parte
900 1455 965 1520 sint
996 1453 1137 1520 hostium
1170 1455 1263 1541 quasi
1292 1476 1353 1542 pro
1386 1456 1458 1542 qui-

333 1478 470 1606 busdam
510 1539 598 1622 telis,
637 1537 755 1639 quibus
793 1547 882 1604 tanto
920 1540 1051 1624 gravius
1087 1537 1272 1605 vulneretur
1307 1537 1459 1622 ecclesia,

337 1635 456 1710 quanto
489 1624 700 1709 perniciosius
733 1624 837 1688 solent
867 1622 1042 1688 familiares
1074 1623 1198 1688 inimici
1230 1624 1263 1686 in
1293 1622 1389 1688 corde
1423 1633 1459 1690 et

337 1708 433 1773 corde
454 1708 543 1794 loqui
570 1731 629 1795 per
650 1707 737 1772 labia
758 1706 878 1772 dolosa.
921 1707 1017 1773 Unde
1042 1707 1108 1773 iam
1136 1708 1304 1772 imminere
1326 1707 1459 1773 videtur

202 1854 283 1896 m·
291 1855 303 1896 ε
304 1855 326 1907 4,
336 1789 391 1856 illa
418 1815 536 1877 magna
561 1791 735 1875 tribulatio,
762 1791 888 1892 qualem
919 1791 999 1856 dicit
1028 1791 1063 1855 in
1092 1790 1260 1877 euangelio
1292 1792 1457 1858 Dominus

219 1913 313 1960 2345,
336 1898 401 1942 non
421 1877 520 1942 fuisse
541 1877 583 1942 ab
605 1877 697 1942 initio
718 1876 830 1942 mundi
852 1897 955 1962 usque
977 1876 1083 1942 modo.
1128 1879 1219 1942 Tuuc
1240 1879 1272 1942 si
1292 1879 1378 1978 puis,
1407 1879 1457 1941 in·

337 1962 416 2048 quit,
437 1962 526 2026 uobis
548 1963 687 2026 dicerit:
725 1962 818 2026 ‘Eccc
840 1961 892 2025 iic
915 1970 961 2025 est
985 1960 1143 2042 cbristus,
1167 1971 1225 2026 cut
1246 1959 1333 2042 illccf,
1356 1963 1457 2028 uolitc

336 2047 475 2114 credere.
508 2044 654 2132 Surgunt
663 2045 908 2130 pseudochristi
922 2054 951 2108 ct
963 2046 1270 2131 pseudoprophetae
1284 2055 1313 2110 ct
1327 2045 1457 2111 dobunt

289 2206 293 2212 ,
336 2133 436 2216 siquo
465 2153 591 2216 magua
618 2139 647 2196 et
671 2130 843 2216 prodipia,
872 2130 922 2192 ito
951 2138 986 2192 ut
1013 2131 1050 2194 iu
1075 2151 1216 2194 errorem
1237 2131 1456 2212 iuducuutur,

173 2241 254 2282 usus.
265 2239 323 2293 1s,r.
335 2217 365 2278 si
389 2214 467 2296 fieri
495 2223 609 2298 potest,
643 2215 740 2278 etiam
768 2213 866 2278 electi.
909 2213 1002 2293 Ecce,
1029 2213 1145 2362 inspit,
1168 2213 1329 2300 praedici
1354 2215 1456 2296 uobis,

335 2299 393 2362 aeci
415 2321 475 2364 ccc
496 2299 631 2376 bomini,
661 2298 716 2378 ait,
740 2319 804 2381 per
826 2317 916 2382 quera
944 2298 1072 2362 scando
1086 2321 1140 2362 um
1163 2301 1261 2362 uouit.
1305 2295 1457 2364 Graviter

336 2380 466 2468 quidem
495 2381 758 2463 scandalizamur,
788 2379 875 2467 quod
901 2381 1021 2446 sanctis
1050 2403 1179 2467 quoque
1207 2382 1364 2468 patribus,
1398 2383 1456 2469 qui

334 2465 421 2552 apud
436 2488 495 2530 nos
505 2467 616 2530 vivere
626 2465 745 2531 debent
759 2466 793 2532 in
809 2467 876 2530 suis
893 2465 1186 2545 constitutionibus,
1201 2466 1282 2529 haec
1296 2465 1456 2532 calumnia

334 2551 520 2636 imponitur,
542 2560 578 2616 ut
598 2560 657 2636 per
671 2572 783 2615 eorum
797 2549 987 2633 doctrinam,
1012 2572 1076 2636 qua
1097 2549 1240 2637 loquitur
1253 2549 1347 2615 nobis
1364 2549 1455 2616 Obri-

335 2645 413 2717 stus,
445 2636 501 2720 qui
530 2644 578 2699 est
605 2656 670 2720 pax
697 2645 817 2718 nostra,
846 2634 1075 2700 confirmentur
1100 2656 1186 2700 nunc
1215 2636 1354 2720 partium
1385 2637 1454 2701 sive

334 2717 490 2785 bellorum
513 2719 629 2784 studia.
673 2718 768 2785 Unde
790 2728 898 2784 noster
919 2719 1132 2802 adversarius,
1160 2719 1248 2805 apud
1270 2741 1366 2805 quem
1389 2743 1456 2786 non

335 2814 383 2869 est
404 2804 524 2868 veritas
545 2825 606 2868 nec
628 2824 695 2889 pax
716 2826 820 2890 neque
841 2804 973 2885 iustitia,
1003 2803 1116 2868 scribit
1141 2813 1220 2888 post,
1244 2802 1454 2890 multiplicem

334 2889 590 2952 testimoniorum
606 2890 799 2971 congeriem,
823 2887 941 2973 quibus
956 2886 1129 2968 contendit,
1151 2885 1230 2950 nibil
1244 2886 1352 2953 valere
1366 2890 1455 2974 apud

334 2993 393 3036 nos
410 2971 529 3037 Christi
551 2969 706 3036 ecclesiae
729 2981 936 3054 sacramenta,
959 2981 991 3036 ct
1013 2971 1100 3058 quod
1120 2973 1269 3057 suspensi
1291 2973 1390 3037 simus
1410 2974 1453 3040 ab

336 3054 554 3120 ecclesiastica
590 3056 818 3121 communione
854 3054 1031 3120 secundum
1067 3077 1225 3120 canonum
1262 3066 1452 3142 praecepta:

335 3137 527 3222 Sufficiunt,
549 3139 664 3224 inquit,
687 3141 765 3205 boec
777 3163 892 3225 pauca
915 3142 1051 3206 caritati
1067 3150 1204 3224 uestrae,
1226 3144 1285 3227 qui
1300 3142 1454 3210 catholici

335 3223 435 3288 vultis
466 3247 540 3305 esse,
567 3225 725 3310 quatiatur
752 3225 813 3288 iras
842 3234 1029 3289 sauctorum
1046 3233 1183 3310 patrum
1212 3227 1389 3290 sentcntiae
1414 3229 1452 3292 iu

328 3317 489 3394 promptu
510 3308 668 3389 babeatis,
692 3309 809 3394 quibus
831 3319 860 3371 ct
880 3331 937 3373 cos
960 3309 1131 3393 dfferzderc
1158 3319 1187 3374 ct
1207 3312 1373 3376 veritatem
1400 3311 1452 3376 iu-

329 3403 523 3479 puyuoutes
551 3391 697 3476 effabere
723 3393 870 3457 coiectis.
912 3391 957 3458 Et
986 3403 1060 3478 post
1087 3391 1167 3458 baec
1195 3393 1230 3456 in
1257 3393 1321 3460 fine
1348 3395 1453 3480 ipsius

334 3476 490 3562 epistolae
519 3498 561 3540 ex
582 3477 721 3562 propriis
742 3476 849 3542 verbis
877 3475 1095 3541 condemnans
1118 3499 1152 3542 se
1174 3498 1248 3542 suos
1272 3501 1325 3559 ue,
1349 3489 1452 3544 osten·

335 3560 391 3641 dit,
421 3559 501 3624 nihil
529 3561 609 3646 ipsis
639 3581 713 3624 cum
742 3559 899 3625 catholica
926 3559 988 3625 hac
1013 3560 1185 3627 universali
1206 3499 1344 3629 ecblesia
1366 3583 1451 3628 com-

334 3666 430 3709 mune
460 3667 540 3724 esse,
569 3655 601 3709 et
629 3643 701 3709 ideo
730 3643 905 3709 catholicos
933 3667 997 3710 non
1027 3668 1108 3726 esse,
1136 3667 1210 3710 cum
1235 3647 1453 3732 suscepissent

334 3738 458 3814 partem
492 3729 541 3792 sui
575 3728 727 3814 Gregorii
759 3727 937 3800 defendere.
980 3730 1062 3812 Noc,
1094 3731 1209 3816 inquit,
1242 3735 1300 3818 qui
1327 3734 1452 3798 iustum

58 3839 61 3902 Ξ
174 3813 462 3914 0¹·14T4110rpauem
485 3811 641 3900 Gregorii
661 3815 730 3878 iarn
753 3837 773 3878 a
794 3814 865 3879 Dco
888 3817 1051 3900 aasscmpti
1073 3815 1288 3900 dffeudimus,
1304 3839 1370 3900 per
1391 3818 1452 3884 boc

60 3967 62 3980 ἢ
236 3902 242 3925 ’
273 3899 280 3914 '
334 3920 400 3962 uou
429 3898 563 3978 bomini,
597 3898 654 3962 secl
680 3898 742 3962 soli
769 3898 840 3963 Deo
868 3899 1003 3984 placere
1025 3900 1257 3966 contendimus.
1301 3899 1451 3968 ‘Fructus

60 3989 63 4071 l
331 4003 410 4048 vero
442 3982 583 4046 iustitiae
615 3982 649 4045 in
680 4002 759 4066 pace
787 3983 963 4048 seminatur
989 3983 1182 4049 facientibus
1209 3987 1342 4069 pacem',
1368 3987 1451 4052 sicut

62 4077 65 4170 l
201 4090 321 4142 usare.
332 4065 471 4130 Iacobus
486 4065 650 4152 apostolus
671 4075 822 4149 testatur3
846 4067 903 4132 sed
918 4068 995 4132 dum
1009 4067 1140 4133 heretici
1155 4067 1263 4132 Deum
1279 4069 1451 4134 defendere

331 4151 486 4234 nituntur,
502 4149 679 4234 offendunt3
696 4162 815 4238 quanto
830 4153 934 4237 magis
949 4153 1005 4239 qui
1024 4161 1146 4238 partem
1160 4151 1296 4218 alicuius
1310 4153 1448 4218 bominis

334 4333 362 4400 1)
382 4333 423 4386 cf.
444 4350 467 4386 c.
483 4335 515 4384 11
532 4351 572 4386 ex.
650 4332 679 4400 ἓ)
700 4334 824 4400 Gregorii
843 4335 934 4402 Opera
952 4334 974 4397 Ι,
996 4351 1022 4400 p.
1039 4333 1101 4385 611.
