3114 4814
216 397 223 412 ,
297 329 351 380 114
479 328 531 378 DE
550 325 709 379 ualuere
728 325 933 377 accursus
953 324 1230 378 consueverim.

299 494 393 560 Unde
415 515 488 558 cum
509 494 647 560 infidelis
668 492 777 558 adhuc
798 491 970 557 infideliter
991 492 1110 578 egisset
1131 501 1163 556 et
1184 491 1320 556 iterum¹
1337 513 1419 555 mar·

298 579 381 662 chio,
403 600 477 643 reus
491 581 608 644 totiens
622 576 760 643 violatae
777 577 854 642 fidei
875 587 907 641 et
927 577 1028 662 pacis,
1050 576 1250 640 secessione⁸
1272 572 1420 640 occultis·

322 685 363 728 ue
386 660 467 727 collo
491 664 554 728 uiis
575 661 694 728 bellum
716 671 913 743 renovasset,
934 669 1002 725 turn
1024 681 1103 725 vero
1125 658 1177 724 ille
1191 659 1310 726 Hartvi
1353 679 1420 724 non

299 685 411 812 deerat
431 684 491 811 vel
505 747 694 833 imperatori
716 755 828 810 contra
849 744 1066 810 marchionem
1088 742 1256 810 militando
1271 681 1421 808 reimar-

300 829 411 896 chioni
436 842 549 896 contra
569 832 798 917 imperatorem
821 827 1029 894 consulendo.
1072 827 1166 910 Nam,
1191 840 1227 893 ut
1248 827 1288 892 de
1311 827 1421 894 multis

300 913 448 979 dicamus
469 935 584 1000 pauca,
607 936 684 979 ecoe
706 915 882 999 imperator
896 912 1067 978 obsederat
1087 913 1299 978 munitionem
1322 931 1422 996 quan-

301 999 377 1063 dam
399 999 595 1063 marchionis
616 999 650 1062 in
672 998 864 1083 Thuringia.
908 997 993 1062 Turn
1016 1005 1047 1062 et
1068 998 1138 1082 ipse
1160 997 1314 1078 vicissim,
1336 995 1421 1060 ferro

299 1093 332 1148 et
344 1083 419 1168 igne
435 1081 607 1148 devastans
623 1083 874 1168 circumquaque
889 1081 1007 1163 omnia,
1023 1081 1131 1166 coepit
1146 1080 1293 1148 obsidere
1311 1079 1422 1145 castel-

299 1167 366 1231 lum
389 1165 666 1266 Quittilingeburg
690 1168 724 1229 in
747 1167 901 1248 Saxonis,
929 1165 986 1230 ubi
1014 1175 1083 1230 erat
1108 1165 1301 1230 intrinsecus
1331 1185 1423 1228 soror

299 1251 501 1337 imperatoris
524 1249 618 1315 simul
639 1261 672 1316 et
693 1251 761 1316 eius
784 1271 913 1336 sponsa,
935 1249 976 1316 de
999 1271 1063 1334 qua
1086 1248 1226 1313 diximus
1249 1269 1356 1334 supra,
1377 1246 1420 1312 ad
1506 1296 1511 1303 .

323 1355 437 1398 uarum
467 1356 520 1399 ere
543 1336 664 1400 tionem
693 1336 868 1421 imperator
897 1356 970 1397 cum
1000 1333 1140 1398 misisset
1172 1353 1270 1421 saepe
1299 1333 1421 1397 dictum

299 1355 496 1504 iiartvigum
515 1357 591 1483 iata
612 1417 675 1482 sibi
696 1428 788 1503 parte
810 1418 985 1503 copiarum,
1007 1416 1060 1482 ille
1082 1417 1229 1484 mihtaris
1250 1418 1422 1503 episcopus

300 1501 420 1565 dicitur
441 1502 611 1566 mandasse
633 1523 692 1586 per
712 1503 861 1566 nuntium
884 1524 978 1567 suurn
1000 1501 1189 1583 marchioni,
1217 1510 1338 1566 utnon
1359 1509 1421 1566 tar·

300 1585 392 1649 daret
412 1585 532 1668 venire,
562 1586 590 1649 si
616 1606 689 1649 curn
711 1586 905 1672 imperatore
926 1584 1022 1650 vellet
1067 1597 1221 1670 ugnare²,
1244 1585 1331 1671 quod
1352 1593 1422 1649 tuto

299 1677 376 1733 tunc
403 1667 510 1733 facere
537 1678 663 1756 posset,
691 1691 765 1734 cum
787 1671 851 1733 iarn
873 1669 915 1734 ab
938 1691 975 1736 eo
997 1609 1133 1735 miiitum
1155 1669 1326 1734 multitudo
1348 1668 1423 1734 sub·

300 1760 404 1817 macta
425 1752 546 1818 fuisset.
585 1753 630 1817 Et
651 1763 688 1818 ut
709 1753 788 1818 nihil
802 1756 910 1819 verius
933 1754 1083 1820 credatur
1105 1775 1202 1841 quarn
1225 1753 1423 1839 compositus

300 1837 462 1922 utrimque
484 1835 587 1919 dolus,
613 1858 689 1902 ecce
715 1837 807 1902 flexit
828 1840 914 1902 viam
943 1838 1153 1924 Hartvigus³,
1181 1860 1221 1902 ne
1247 1836 1425 1901 marchioni

300 1919 391 1986 fieret
412 1920 539 2004 obvius,
561 1942 635 1985 cum
657 1921 792 1986 diversis
815 1923 983 1987 itineribus
1004 1925 1075 2009 ipse
1098 1921 1243 1988 tenderet
1264 1922 1299 1985 in
1321 1920 1424 1985 Saxo-

300 2005 399 2086 niam,
421 2003 474 2069 ille
495 2017 603 2070 autem
625 2006 659 2069 in
681 2005 905 2091 Thuringiam,
928 2006 985 2070 ubi
1006 2015 1083 2072 tunc
1106 2005 1295 2070 dimicatum
1317 2014 1366 2070 est
1389 2006 1424 2068 in

299 2090 311 2152 i
336 2110 371 2153 sa
402 2090 582 2154 nativitatis
609 2089 744 2153 Domini
772 2089 902 2175 vigilia,
936 2111 1019 2175 quae
1051 2100 1133 2156 tunc
1164 2090 1339 2156 obvenerat
1370 2088 1423 2155 die

324 2172 480 2252 ominioa,
510 2172 641 2258 quando
670 2174 841 2238 terminum
868 2175 994 2259 accepit
1015 2196 1119 2239 annus
1141 2173 1183 2238 ab
1205 2174 1423 2239 incarnatione

303 2255 437 2318 Domini
466 2257 557 2320 1088.
601 2257 687 2321 Ecce
715 2259 794 2344 quid
819 2256 942 2322 faciunt
970 2257 1097 2324 hereses
1130 2268 1162 2323 et
1191 2259 1360 2339 scismata,
1389 2265 1424 2322 ut

140 2361 215 2404 erse.
226 2360 291 2412 aas.
304 2338 391 2404 dicat
405 2339 439 2402 in
454 2339 550 2403 corde
566 2361 623 2404 suo
640 2343 787 2426 cognatio
803 2363 914 2405 eorum
932 2341 1043 2407 simul:
1066 2343 1251 2423 ‘Quiesoere
1266 2341 1422 2406 faciamus

304 2443 415 2486 omnes
436 2423 506 2487 dies
528 2425 627 2489 festos
641 2424 706 2489 Dei
728 2447 747 2488 a
768 2426 886 2490 terral'
919 2427 1009 2491 Num
1031 2428 1178 2491 tenebrae
1201 2427 1271 2491 dice
1287 2427 1426 2491 Domini

146 2529 217 2570 amos
227 2529 249 2581 s,
259 2517 333 2572 rost
347 2530 413 2570 moa
428 2505 488 2571 luc
503 2517 532 2570 et
547 2509 655 2595 cclipo
678 2519 706 2573 et
721 2533 787 2574 mom
803 2510 1009 2596 splendoris
1024 2510 1085 2576 eo?
1108 2511 1212 2574 sicutb
1231 2510 1310 2574 dicit
1323 2509 1425 2574 Amos

302 2589 471 2677 propheta.
515 2591 601 2656 Ecce
629 2593 756 2678 quando
786 2593 920 2678 angelus
942 2594 1076 2658 Domini
1107 2615 1180 2658 cum
1211 2615 1329 2680 magna
1350 2594 1423 2659 luce

302 2676 453 2822 apparuit
479 2685 511 2740 et
537 2676 692 2761 gaudium
723 2677 804 2742 illud
832 2701 884 2741 ma
908 2701 984 2741 num
1016 2679 1193 2744 nativitatis
1226 2679 1361 2743 Domini
1393 2687 1426 2742 et

305 2759 481 2826 Savatoris
509 2761 761 2846 euangelizavit,
792 2702 921 2849 quando
950 2763 1047 2826 etiam
1071 2763 1234 2828 concinuit
1255 2761 1425 2828 multitudo

163 2863 220 2904 nuc.
230 2865 249 2916 a,
259 2865 293 2906 rs.
304 2843 436 2908 militiae
467 2843 631 2910 caelestis:
666 2845 782 2912 Gloria
810 2850 847 2911 m
876 2846 1011 2912 eccelsia
1032 2849 1103 2912 Deo
1130 2857 1159 2911 et
1184 2849 1221 2911 im
1242 2857 1333 2912 terra
1350 2869 1427 2932 pom

304 2991 327 3045 s)
341 2994 373 3034 ita
387 2994 479 3045 scripsi5
495 2995 642 3037 successione
658 2998 678 3038 1.
739 2993 763 3047 h)
779 2999 813 3037 sic
830 2999 850 3038 1.

306 3103 334 3172 1)
366 3106 488 3157 Marchio
519 3107 614 3158 iterum
647 3109 681 3158 ab
707 3110 868 3175 imperatore
899 3111 1032 3164 defecisse
1064 3112 1179 3178 videtur,
1211 3113 1283 3180 quod
1312 3115 1426 3166 Bohsmi

304 3181 385 3230 etiarn
404 3184 459 3229 tum
480 3181 615 3230 marcham
638 3189 798 3249 occupatam
818 3185 946 3236 tenebant
964 3186 1009 3236 vel
1028 3186 1099 3252 quod
1113 3194 1174 3253 post
1193 3187 1334 3239 decessum
1347 3189 1427 3242 Heri-

304 3253 394 3303 manni
410 3267 424 3302 s
440 3253 558 3304 Saxonis
576 3255 604 3304 in
623 3255 743 3320 Egberto
764 3257 797 3307 de
816 3258 921 3324 integro
942 3257 1076 3326 cupiditas
1095 3261 1226 3325 regnandi
1247 3263 1426 3312 excitabatur.

305 3323 334 3392 2)
353 3325 449 3376 Nullus
465 3325 534 3376 alius
551 3328 665 3393 scriptor
682 3328 716 3380 de
732 3329 847 3396 perfidia
862 3332 988 3396 Hartvigi
1008 3335 1151 3400 quicquam
1171 3335 1262 3400 tradit,
1282 3337 1334 3385 nisi
1354 3335 1426 3400 qnod

304 3400 384 3449 nimis
398 3399 518 3450 obscuris
528 3400 617 3452 verbis
632 3401 698 3453 dicit
710 3403 861 3455 Bernoldus
875 3403 913 3469 (a.
926 3404 1024 3469 1089):
1037 3406 1198 3473 Eppebemos
1211 3408 1327 3459 marchio
1339 3407 1427 3460 Haim-

304 3472 389 3523 rioum
408 3479 431 3522 et
450 3488 551 3522 omnem
569 3473 626 3524 siae
645 3475 787 3528 exercitam
807 3493 865 3528 cam
879 3478 976 3544 paucis
994 3479 1121 3530 militibus
1148 3497 1166 3530 o
1185 3481 1345 3547 quibasdam
1363 3481 1427 3532 reli·

302 3543 385 3611 piceis
404 3545 568 3610 confortatus
579 3545 699 3600 uiriliter
718 3549 825 3601 invasit.
855 3551 922 3602 (lum
939 3558 1030 3603 autem
1049 3553 1197 3620 Hartvigus
1217 3571 1243 3604 a.
1256 3553 1337 3604 1089.
1353 3553 1426 3622 apud

304 3619 492 3684 imperatorem
512 3635 616 3670 summa
635 3624 793 3674 anctoritate
810 3634 881 3674 esset
901 3624 981 3683 (Jaffe
991 3627 1024 3686 V,
1039 3643 1076 3676 nr.
1089 3625 1134 3692 75)
1155 3635 1182 3678 et
1200 3634 1302 3679 tantam
1322 3629 1429 3678 iniisset

305 3691 428 3757 gratiam,
446 3695 476 3742 ut
490 3691 619 3744 Coloniae
633 3694 827 3747 ordinationem
843 3697 1013 3750 Adelheidae
1026 3701 1136 3764 reginae
1152 3701 1302 3752 celebraret
1321 3699 1358 3768 (c.
1370 3700 1432 3764 25),

305 3769 386 3828 atque
413 3779 473 3815 curn
495 3765 639 3832 imperator
664 3769 763 3835 optime
790 3770 910 3821 iudicare
932 3777 1032 3838 posset,
1051 3778 1138 3824 utrum
1158 3775 1186 3823 in
1205 3774 1253 3826 illo
1273 3773 1345 3825 bello
1366 3789 1428 3824 cnm

304 3837 425 3902 Egberto
451 3843 528 3903 gesto
553 3839 701 3906 Hartvigns
726 3841 816 3893 officio
841 3859 889 3894 sno
916 3845 1045 3897 defuisset
1067 3863 1161 3906 necne,
1185 3847 1356 3899 statuendum
1378 3853 1430 3908 est,

306 3909 482 3961 Waltramum
509 3913 592 3962 nimio
615 3914 677 3965 odio
705 3917 844 3967 incensum
865 3917 1025 3983 Hartvigum
1050 3921 1078 3970 in
1097 3921 1276 3986 suspicionem
1296 3920 1427 3986 perfidiae

304 3985 453 4035 vocavisse.
487 3985 545 4034 Nec
564 3987 668 4038 mirum.
706 3989 773 4039 Nam
792 3995 822 4040 ut
840 3991 988 4042 Hsnricum
1007 3993 1108 4043 severis
1126 3995 1216 4045 verbis
1237 3996 1332 4060 carpit,
1353 3993 1427 4059 quod

304 4057 357 4108 sibi
376 4071 430 4106 non
449 4058 605 4121 constiterit,
629 4060 669 4110 ita
687 4063 739 4112 sihi
758 4065 921 4128 persuadere
947 4080 1001 4116 non
1019 4070 1118 4132 potest,
1137 4066 1308 4133 Hartvigum,
1328 4069 1428 4133 quippe

305 4131 351 4195 qui
371 4136 451 4182 antee
470 4132 626 4198 imperatori
644 4135 844 4188 inimicissimus
863 4137 955 4198 fuerit,
981 4139 1068 4190 subito
1094 4141 1198 4191 sincero
1225 4142 1314 4192 anime
1341 4147 1369 4190 st
1387 4141 1430 4189 in·

305 4209 430 4288 corrupta
457 4203 511 4255 fide
541 4207 566 4256 ei
593 4206 731 4259 addictum
767 4224 835 4263 esse.
921 4211 949 4275 3)
977 4210 1019 4263 Oi.
1046 4228 1068 4262 c.
1090 4212 1137 4264 26:
1162 4213 1312 4282 Hartoiqsr
1331 4219 1430 4264 mactus

304 4292 467 4330 occasionem
495 4283 547 4330 etc.
