3114 4814
274 339 326 390 120
456 339 506 390 Da
525 337 684 391 uutrsrn
703 335 910 389 EOCLESIAE
931 334 1209 387 CONSERVANDA.

270 529 353 589 rum,
377 522 474 574 scisma
493 520 528 571 ab
547 519 697 572 animorum
719 520 838 571 suasura
856 527 975 581 uremur,
1004 502 1094 566 culus
1123 511 1229 568 seclae
1257 501 1397 568 aemula-

271 599 357 656 tores
391 587 596 670 definiuntur,
628 587 715 674 quod
736 601 826 654 eorm
844 601 925 664 mur,
945 601 1034 652 eorem
1056 600 1113 652 rita
1132 602 1241 653 eoram
1260 608 1290 653 ar
1308 603 1397 666 ceren,

272 689 319 741 sed
350 689 404 741 solo
437 685 648 755 congregationis
682 684 816 737 discidioa
847 683 1016 734 delectentur.
1067 681 1114 734 Etr
1145 691 1248 748 autem,
1281 669 1398 756 inquii,

271 761 376 826 smsma,
402 778 461 813 mum
487 758 579 811 dicunt
602 759 733 811 domares:
761 757 818 808 Nos
843 754 908 806 iusti
934 773 1033 819 smnus,
1057 773 1105 806 nos
1129 757 1322 823 sanctificamus
1347 758 1398 810 im·

271 843 393 906 mardos,
425 849 449 894 a
480 848 567 894 cetera
597 841 692 892 torum
722 840 829 890 similia.
894 822 961 887 Sed
1001 822 1120 887 scisma
1154 827 1288 908 gravius
1324 847 1398 892 esse

272 909 377 975 scelus
414 931 512 996 quam
547 906 740 989 idolatriam,
777 906 950 972 didicimus
983 928 1025 971 ex
1057 907 1241 972 testimonio
1278 909 1398 975 Sacrae

148 995 469 1094 Num-ltseripturae‚
492 993 644 1080 quoniam
665 989 782 1076 legitur
802 993 835 1054 in
848 991 960 1056 Veteri
975 991 1192 1074 Testamenta,
1214 993 1397 1059 idolatriam

158 1057 253 1100 ⁸⁰‘³³'
271 1077 379 1165 gladro
411 1078 556 1162 punitam
593 1097 673 1156 esse,
706 1075 824 1140 scisma
861 1084 968 1139 autem
1001 1073 1092 1140 hiatu
1122 1085 1238 1142 terrae.
1293 1079 1398 1164 Igitur

272 1161 485 1228 aemulatores
507 1163 575 1225 sive
589 1170 737 1224 auctores
757 1161 956 1240 scismatum,
978 1181 1060 1244 quae
1076 1159 1198 1224 dudum
1221 1161 1398 1226 factasunt

273 1248 307 1310 in
335 1243 471 1311 ecclesia
497 1246 618 1330 pariter
647 1254 679 1308 et
707 1245 741 1306 in
762 1266 797 1307 re
820 1240 959 1328 publica,
988 1252 1101 1308 extant
1122 1246 1296 1331 praecipue
1348 1249 1397 1310 ui-

273 1331 348 1396 dam
370 1331 426 1416 qui
446 1329 598 1394 dicuntur
618 1326 767 1392 monachi
789 1330 829 1391 de
846 1327 1042 1412 Hyrsaugia,
1065 1349 1107 1391 ex
1127 1349 1263 1413 quorum
1286 1269 1395 1394 acilas

273 1415 422 1500 pervenit
443 1413 485 1477 ad
500 1433 559 1476 nos
575 1411 653 1475 haec
677 1411 717 1475 de
733 1433 797 1496 qua
818 1419 992 1475 tractamus
1015 1410 1160 1496 epistola,
1184 1434 1266 1498 quae
1283 1423 1395 1479 contra

273 1497 483 1584 apostolicam
503 1496 612 1562 sedem
635 1505 667 1559 et
682 1505 793 1559 contra
808 1496 929 1580 regiam
944 1503 1138 1582 potestatem
1154 1507 1202 1561 est
1216 1497 1396 1584 descripta,

274 1593 306 1647 et
334 1582 520 1646 intestinum
547 1578 626 1644 illud
654 1578 783 1661 bellum,
835 1601 876 1643 uo
905 1581 939 1642 in
967 1578 1076 1664 plures
1106 1591 1209 1645 sectas
1240 1583 1306 1645 iam
1340 1581 1397 1646 diu

274 1667 394 1730 scissus
424 1673 472 1728 est
499 1662 669 1750 singularis
697 1661 750 1729 ille
780 1602 859 1727 ordo
886 1662 1127 1746 monachorum,
1150 1685 1225 1730 ecce
1247 1667 1397 1751 pervenit

273 1749 314 1814 ad
337 1748 502 1834 publicum
524 1745 654 1813 malum.
689 1747 753 1828 Qui
775 1748 860 1812 enim
876 1745 1055 1812 debuerant
1076 1769 1110 1812 se
1126 1751 1289 1814 continere
1310 1752 1397 1816 intra

274 1832 463 1898 solitudines
492 1833 769 1911 monasteriorum,
801 1833 923 1916 egressi
956 1841 1031 1896 sunt
1061 1831 1145 1895 ultra
1177 1835 1331 1898 terminos
1364 1843 1397 1898 et

276 1918 521 1983 constitutiones
544 1927 684 2004 patrum,
706 1938 784 1980 usur
808 1926 899 1981 antes
927 1914 991 1980 sibi
1013 1927 1125 1980 contra
1146 1917 1288 1982 divinam
1312 1919 1396 1982 ordi-

272 2002 436 2066 nationem
458 2001 640 2087 disponere,
662 2003 761 2065 immo
781 1939 944 2065 destruere
958 2022 1093 2084 regnum
1117 2011 1149 2065 et
1163 2002 1395 2085 sacerdotium3

273 2088 329 2172 qui
359 2088 489 2150 mittunt
516 2085 767 2170 circumquaque
798 2083 931 2168 angelos
963 2084 1054 2149 verbi
1082 2085 1132 2148 sui
1161 2085 1396 2170 praedicantes,

273 2171 360 2254 apud
389 2193 424 2235 se
454 2191 594 2255 suosque
622 2179 795 2232 sectatores
824 2191 895 2232 esse
925 2177 1047 2232 tantum
1080 2168 1247 2233 ecclesiam
1270 2170 1335 2234 Dei
1363 2180 1395 2236 et

272 2253 427 2318 iustitiam
442 2253 506 2318 Dei
528 2263 560 2316 et
574 2261 685 2316 sancta
699 2251 878 2316 sacerdotia
892 2251 973 2334 Dci;
997 2253 1052 2338 qui
1073 2250 1135 2316 hoc
1150 2254 1245 2318 etiam
1261 2254 1395 2337 addunt,

273 2337 357 2401 sicut
376 2339 521 2422 ipsorum
543 2336 688 2400 indicant
716 2337 845 2421 scripta,
900 2336 965 2399 uod
987 2339 1051 2399 sint
1073 2336 1225 2402 caelestes
1248 2349 1280 2403 et
1302 2361 1315 2402 s
1342 2340 1394 2403 iri-

273 2419 353 2485 tales
382 2429 414 2485 ct
443 2419 501 2483 lilii
523 2419 615 2484 Dei¹.
659 2420 747 2504 Ergo
773 2441 890 2484 monac
912 2442 950 2483 us
972 2421 1203 2505 interpretatur
1224 2360 1396 2508 singularis

273 2505 342 2569 sive
364 2503 535 2568 solitarius.
578 2503 629 2568 De
656 2503 824 2568 monachis
846 2503 976 2590 quidem
1003 2504 1065 2567 hoc
1088 2507 1295 2570 constitutum
1317 2506 1396 2592 legi-

273 2599 326 2654 tur
346 2591 381 2652 in
397 2586 652 2653 Chalcedonensi
674 2590 829 2674 synodos,
852 2585 991 2673 capitulo
1006 2591 1041 2653 4:
1066 2603 1120 2666 Qui
1138 2622 1167 2657 rc
1186 2621 1251 2657 ocra
1270 2612 1294 2658 er
1308 2606 1395 2658 mari-

264 2679 337 2744 seste
351 2679 500 2731 solitariam
512 2678 594 2730 uitam
606 2686 749 2743 sectaretur,
763 2680 861 2730 honore
875 2677 1026 2744 competenti
1030 2679 1195 2746 fungantur.
1221 2677 1318 2730 Verum
1330 2697 1395 2746 puo-

271 2752 346 2803 niam
364 2753 494 2820 quidum⁰
512 2753 561 2803 sud
572 2761 715 2817 praetecta
727 2752 833 2804 traditus
846 2751 1009 2804 monachulis
1029 2750 1151 2802 ecclesias
1170 2758 1194 2802 et
1209 2759 1351 2804 conuentus
1370 2759 1397 2804 et

272 2842 315 2877 res
335 2843 482 2877 communes
503 2825 663 2890 disturbaret,
683 2823 801 2877 ciuitates
820 2825 961 2876 indiscrete
980 2823 1169 2875 circumeuntes
1189 2832 1213 2875 et
1231 2824 1396 2879 monasteria

273 2905 423 2951 construere
437 2900 579 2962 studentes,
589 2897 704 2964 placuit,
717 2899 818 2949 nultum
832 2914 946 2962 usquam
959 2895 1100 2964 aedificare
1108 2914 1188 2962 posse
1200 2915 1285 2964 neque
1303 2916 1395 2950 morra·

273 2973 381 3024 sterium
405 2980 554 3024 construere
579 2987 663 3037 neque
682 2970 828 3022 oratorium
853 2972 950 3036 absque
975 2969 1090 3022 ciuitatis
1110 2971 1227 3036 episcopi
1244 2971 1395 3034 uoluntate,·

273 3045 416 3096 monachos
441 3061 512 3108 vero,
539 3043 586 3109 qui
610 3051 674 3094 sunt
692 3061 745 3110 per
763 3044 884 3111 sinqulas
904 3044 1022 3096 ciuitates
1042 3052 1066 3094 et
1080 3043 1247 3108 provincias,
1266 3044 1396 3110 episcopis

274 3117 393 3169 subditos
422 3133 477 3168 esse
502 3126 525 3169 st
550 3114 662 3182 quietem
687 3117 806 3184 dilipere,
831 3115 939 3168 ieiuniis
963 3123 986 3168 et
1005 3116 1170 3168 orationibus
1190 3123 1321 3170 contentos
1340 3135 1396 3170 esse

274 3199 299 3242 et
316 3191 346 3242 in
364 3189 418 3242 illis
437 3190 499 3241 locis
514 3205 696 3256 perseuerare,
714 3189 744 3241 in
763 3191 858 3258 quibus
877 3191 982 3241 saecuto
1001 3188 1126 3242 uidentur
1147 3190 1322 3255 renuntiasse,
1348 3207 1394 3242 ne·

274 3280 410 3331 quaquam
436 3269 523 3314 autem
548 3262 728 3314 ecclesiasticis
753 3265 796 3315 uel
820 3262 1002 3315 soecularibus
1027 3263 1105 3315 rebus
1129 3263 1322 3315 communicare
1346 3281 1396 3316 nec

274 3336 497 3403 importunitatem
516 3336 626 3400 inferre,
645 3336 766 3403 propriis
791 3336 957 3388 monasteriis
976 3335 1094 3398 desertis,
1120 3334 1174 3386 uisi
1184 3337 1260 3403 forte
1282 3335 1398 3404 quaesiti

273 3409 376 3462 tuerint
391 3416 502 3476 propter
521 3425 630 3460 causum
648 3411 824 3462 necessarium
844 3428 862 3460 u
875 3407 989 3460 ciuitatis
1009 3407 1137 3474 episcopo.
1166 3407 1228 3460 Non
1242 3425 1297 3461 esse
1310 3410 1395 3462 susci·

269 3481 400 3548 piendum
424 3499 529 3534 savum
545 3481 706 3546 faciendum
729 3483 887 3535 monachum
907 3491 1017 3548 praeter
1037 3479 1147 3548 proprii
1170 3482 1271 3533 domini
1300 3484 1395 3534 uolun-

274 3562 361 3608 tatem.
396 3555 450 3617 Qui
468 3571 529 3606 uero
549 3556 596 3608 hoc
615 3557 785 3608 constitutum
803 3562 923 3607 nostrum
941 3555 1089 3615 sumserit,
1109 3571 1168 3607 eum
1181 3573 1199 3606 a
1214 3555 1396 3608 communione

274 3638 403 3704 suspendi
421 3637 593 3702 decrevimus,
612 3655 645 3690 ne
663 3654 759 3690 nomeu
777 3637 831 3690 Dei
851 3637 1051 3702 blasphemetur.
1084 3621 1176 3688 Haec
1197 3632 1246 3688 est
1261 3622 1394 3689 Chalce-

271 3782 296 3836 s)
312 3783 408 3825 dissidio
425 3786 446 3826 1.
507 3783 531 3836 b)
547 3783 627 3824 scobis
643 3787 663 3826 1.
724 3781 745 3836 c)
761 3784 793 3824 ua
808 3784 937 3834 Hiascln'us3
952 3787 1046 3835 quidem
1063 3789 1083 3828 1.

274 3917 302 3980 1)
329 3916 371 3968 cf.
393 3916 478 3968 verba
503 3919 629 3968 carminis
648 3916 919 3968 Laursshamensium
943 3919 1133 3970 monachorum
1161 3919 1330 3987 expulsorum
1356 3918 1393 3970 ad

271 3989 428 4042 Heinricum
442 3991 475 4040 V.
496 3997 589 4042 contra
607 3991 814 4054 Hirsangienses
833 3989 895 4056 (ΒΕ.
915 3991 990 4053 XXI,
1008 4010 1034 4058 p.
1051 3991 1134 4058 430):

491 4061 615 4115 Attamen
634 4063 663 4114 lu'
681 4063 747 4114 tales
767 4062 896 4114 simulant
914 4080 942 4116 se
960 4063 1122 4130 spirituales,

492 4136 556 4189 curm
575 4143 678 4188 tanturm
696 4136 748 4187 uisi
766 4153 826 4188 mou
845 4137 1021 4188 inclamantur
1038 4137 1133 4203 r'rrs'pui.

272 4209 300 4274 2)
319 4210 466 4262 Hinschius
484 4209 502 4262 l.
518 4227 540 4262 c.
560 4228 587 4278 p.
607 4210 674 4273 2853
694 4210 783 4261 Mansi
795 4211 844 4272 VI,
863 4228 889 4277 p.
908 4211 992 4275 12263
1013 4227 1124 4276 quorum
1143 4215 1232 4262 textus
1251 4211 1395 4263 sententiis

270 4285 388 4350 omnino,
407 4283 496 4336 verbis
515 4287 560 4336 vix
578 4284 662 4336 semel
682 4299 742 4335 cnm
762 4284 814 4334 hoc
834 4285 967 4348 congruit.
