3098 4818
432 345 554 398 BRUNO
571 347 620 397 DE
641 347 762 398 BELLO
784 347 976 398 SAXONICO.
1230 351 1265 402 39

146 514 204 578 bac
235 514 397 599 qaudinm
424 523 531 577 uestra
555 517 743 598 paternitas
771 513 924 599 effecerit,
952 524 981 578 et
1011 516 1056 579 ad
1082 537 1143 579 sna
1167 517 1345 580 citiasrors.

144 597 253 661 redire
275 597 443 662 dominum
465 607 611 661 nastrum
639 601 708 662 suis
739 619 934 683 suarumque
964 599 1264 683 supplicationibus

145 680 327 760 adiuverit,
356 703 535 765 numquam
557 702 612 745 uos
628 684 750 765 priora
773 683 865 747 nobis
886 682 1041 764 beneficia
1086 685 1264 748 raestu'tisse

137 765 333 848 poenitebit,
361 765 440 828 dum
469 774 498 828 et
524 766 633 848 ipsam
655 766 823 829 dominnm
844 775 989 830 nostrum
1010 706 1100 830 cotis
1122 767 1264 835 amicum

79 926 83 930 .
144 870 269 934 semper
291 850 336 912 acl
359 851 470 913 amnia
486 851 760 934 paratissimum,
790 871 910 936 nosque
934 872 1041 913 amnes
1064 872 1129 914 non
1151 852 1263 916 minus

143 929 272 996 devotos
301 932 459 996 babebitis
486 942 515 994 et
543 932 717 1014 subiectos,
746 955 845 1016 quam
875 933 994 997 clerum
1017 936 1083 998 siue
1100 935 1263 1018 populum

138 1017 328 1099 proprium.
371 1015 427 1079 Ad
456 1017 543 1099 quod
566 1015 807 1100 perficiendum
835 1019 865 1080 si
893 1025 1000 1080 vestm
1023 1017 1205 1082 sublimitas
1226 1041 1262 1082 eo

164 1122 206 1162 no
228 1121 397 1182 speramus
425 1101 535 1164 studio
557 1099 695 1164 volucrit
716 1102 811 1181 eniti,
839 1103 908 1165 sine
934 1101 1032 1164 mrelto
1062 1101 1172 1166 labore
1194 1125 1262 1166 cre·

142 1122 251 1246 dimus
271 1183 309 1246 iel
326 1205 422 1266 posse
436 1182 531 1264 fleri,
562 1186 642 1267 quia
664 1185 723 1248 loc
746 1193 866 1248 certum
894 1193 1051 1265 tenemus,
1081 1186 1170 1268 quod
1190 1188 1262 1268 ipse

141 1275 266 1330 tenetur
288 1269 445 1330 innocens
467 1269 636 1352 captiuas,
665 1276 694 1330 ct
715 1268 785 1332 sola
807 1290 886 1331 snae
909 1267 1001 1331 salus
1023 1268 1174 1333 ecclesiae
1186 1269 1263 1354 fnit

141 1352 172 1414 ei
194 1373 297 1414 cansa
318 1351 510 1414 traditionis
532 1374 621 1415 suae.
660 1350 871 1435 Omnipotens
891 1351 1100 1437 iqiturDcas
1122 1354 1182 1416 din
1204 1376 1262 1418 aas

141 1435 178 1496 in
201 1434 262 1498 ltac
284 1435 353 1497 uita
376 1443 547 1515 conseruet,
570 1434 722 1498 ecclesiae
744 1457 823 1498 suae
846 1433 1009 1516 solatium,
1032 1445 1153 1520 etpost
1174 1437 1261 1501 banc

140 1519 241 1581 uitam
269 1518 394 1582 tribnat
422 1519 511 1583 uobis
539 1519 771 1602 sempiternum
804 1519 915 1582 beatae
948 1519 1033 1583 uitae
1060 1523 1260 1603 praemium.

150 1601 263 1666 Valete.

224 1684 274 1748 60.
319 1681 403 1748 Cum
435 1705 512 1749 ero
544 1704 604 1748 rex
630 1683 727 1749 urbes
757 1694 789 1748 et
818 1707 927 1748 omnes
957 1687 990 1749 in
1021 1685 1164 1750 Saxonis
1192 1709 1262 1750 mu-

140 1767 278 1830 nitiones
311 1788 441 1831 suorum
470 1707 617 1832 idolium
650 1767 819 1852 praesidiis
853 1779 1058 1854 occupasset,
1099 1779 1131 1834 et
1162 1768 1261 1834 nichil

140 1849 211 1931 sibi,
234 1851 406 1936 quominus
427 1852 461 1913 in
478 1850 621 1915 Saxonis
634 1851 753 1914 faceret
775 1861 889 1914 cuncta
911 1873 993 1936 quae
1015 1850 1118 1934 vellet,
1133 1861 1261 1938 putaret

140 1932 282 2016 obstare,
312 1935 459 1998 transivit
479 1955 499 1996 a
520 1935 613 1999 nobis
640 1935 673 1996 in
695 1934 801 1998 medio
824 1935 1103 2019 quadragesimae,
1132 1937 1339 2002 obsidesuarc.

139 2015 257 2081 multos
279 2039 388 2081 secum
411 2019 541 2100 ducens,
564 2028 596 2082 et
617 2018 704 2104 apud
725 2039 782 2081 nos
805 2017 860 2103 qui
874 2019 994 2082 tributa
1014 2017 1054 2082 de
1075 2019 1260 2104 regionibus

139 2103 257 2166 nostris
286 2102 453 2200 exigerent
478 2101 670 2188 relinquens.
715 2101 862 2187 Cumque
892 2121 965 2165 suos
994 2101 1073 2166 fines
1100 2103 1259 2187 intrasset,

139 2194 172 2248 et
201 2185 299 2250 duces
328 2207 397 2249 erus
420 2189 581 2271 ceterique
604 2186 660 2271 qui
681 2185 804 2250 fortiter
825 2187 859 2248 iu
881 2185 1002 2271 proelio
1025 2196 1258 2272 pugnaverant,

139 2268 225 2333 dona
245 2269 451 2354 triumphalia
473 2279 693 2356 expectarent,
721 2267 773 2334 ille
802 2292 918 2333 munus
941 2269 1028 2356 quod
1048 2270 1114 2335 fere
1137 2271 1259 2336 eunetis

138 2351 288 2416 fidelibus
316 2354 381 2416 suis
409 2353 518 2439 largiri
545 2352 656 2418 solitus
686 2363 785 2435 erat¹,
818 2354 914 2418 etiam
942 2375 1027 2418 nunc
1056 2355 1090 2416 in
1115 2356 1259 2438 praemio

104 2469 110 2480 ·
140 2437 265 2500 virtutis
299 2435 375 2500 dare
406 2437 556 2583 parabam
593 2436 768 2522 dolensque
801 2437 887 2522 quod
920 2460 962 2501 ex
993 2438 1193 2523 principibus
1225 2439 1260 2501 in

139 2519 261 2618 proelio
289 2541 354 2584 non
385 2543 405 2585 a
455 2531 565 2585 votum
593 2543 684 2584 suum
712 2520 917 2601 cecidissent,
951 2523 1050 2585 vitam
1082 2543 1180 2606 quam
1201 2543 1259 2609 per

139 2603 304 2688 1gnaviam
332 2625 386 2668 eos
415 2626 558 2668 servasse
586 2603 750 2684 credebat,
784 2605 830 2667 eis
852 2626 910 2688 per
932 2605 1098 2668 saevitiam
1121 2605 1259 2669 auferri·

138 2688 301 2772 cupiebat.
344 2687 428 2750 Nam
451 2697 486 2750 ut
507 2687 593 2751 solus
616 2688 758 2751 omnium
783 2687 931 2750 dominus
954 2696 1052 2768 esset,
1082 2687 1203 2752 nullum
1225 2690 1259 2751 in

138 2793 238 2856 regno
267 2791 325 2835 suo
355 2771 520 2834 dominum
549 2773 657 2835 vivere
684 2769 788 2835 vellet.
831 2771 945 2855 Itaque
973 2793 1046 2835 cum
1074 2771 1176 2835 tribus
1197 2771 1259 2836 for-

138 2855 271 2920 tissimis
285 2856 363 2918 viris
377 2855 508 2918 armatis
524 2855 682 2940 quandam
699 2853 829 2917 domum
846 2854 1004 2919 desertam
1027 2854 1133 2920 media
1154 2858 1258 2920 noctis

139 2939 270 3003 intravit
298 2948 331 3002 et
359 2937 434 3002 illuc
468 2961 567 3003 unum
604 2960 646 3002 ex
676 2937 829 3001 militibus
859 2937 988 3002 Rodulfi
1016 2937 1107 3002 ducis
1136 2951 1257 3005 secreto

138 3022 327 3088 introduxit.
371 3022 437 3103 Qui
458 3023 535 3086 visis
556 3021 671 3106 gladiis
694 3022 755 3085 sibi
777 3022 897 3103 timuit,
921 3023 996 3108 quia
1039 3044 1080 3086 uo
1104 3023 1259 3107 effugeret

138 3128 204 3170 non
217 3105 338 3172 habuit.
369 3107 434 3172 Sed
450 3127 522 3170 oum
537 3128 596 3171 rex
610 3105 717 3168 multis
732 3127 804 3169 eum
844 3045 1087 3170 remissionibus
1103 3116 1258 3187 oneraret,

137 3190 166 3252 si
195 3188 369 3252 Rodullum
401 3189 518 3254 ducem
550 3188 606 3252 ubi
633 3190 771 3273 primum
804 3128 864 3253 sbi
897 3189 1027 3254 daretur
1059 3191 1258 3275 oportunitas

138 3271 313 3354 occideret,
347 3294 411 3336 non
439 3295 548 3337 amore
580 3274 810 3356 promissorum
841 3272 898 3336 sed
931 3274 1044 3338 timore
1076 3273 1258 3357 gladiorum

138 3357 366 3441 praesentium,
381 3356 443 3420 hoc
458 3379 492 3420 sc
513 3356 617 3433 factor
632 3355 782 3442 umquasi
797 3354 899 3420 laetius
922 3357 1078 3442 promisit,
1102 3379 1257 3442 suamque

163 3441 383 3504 romissionem
398 3441 577 3506 iuramento
593 3439 801 3503 confirmavit.
835 3439 930 3503 Mane
946 3450 1053 3505 autem
1075 3440 1160 3504 facto
1184 3462 1256 3506 cum

136 3461 207 3588 dux
234 3523 275 3587 de
301 3523 418 3588 virtute
445 3533 477 3588 et
504 3523 568 3588 fide
590 3523 725 3586 multum
751 3521 900 3587 laudatus
922 3545 942 3586 a
962 3545 1040 3608 rege
1063 3545 1136 3587 cum
1159 3521 1258 3589 multa

137 3609 295 3672 suavitate
317 3607 468 3670 dimissus
490 3607 608 3687 abiret,
634 3605 686 3670 ille
707 3607 862 3690 correptis
884 3608 981 3670 armis
1004 3605 1156 3672 velociter
1177 3608 1259 3673 inse-

161 3691 256 3773 uitur,
279 3701 311 3755 et
325 3691 437 3755 lancea
458 3701 609 3776 protensa
623 3712 682 3776 per
702 3687 843 3754 mediam
858 3691 985 3754 turbam
1007 3690 1171 3773 festinans,
1193 3690 1257 3757 alto

137 3713 277 3839 biamore
300 3796 334 3839 se
355 3775 471 3838 ducem
494 3775 639 3839 occidere
661 3774 834 3838 minitatur.
870 3774 900 3837 A
923 3773 1078 3838 militibus
1102 3797 1177 3840 vero
1200 3776 1259 3839 cir·

136 3859 306 3924 cumdatus
328 3868 360 3924 et
381 3879 512 3922 oausam
534 3859 663 3923 terroris
685 3857 912 3943 interrogatus,
944 3866 1045 3923 totam
1068 3859 1183 3924 seriem
1205 3882 1260 3923 ne-

136 3944 218 4027 gotii
233 3943 320 4028 quod
334 3943 367 4006 in
383 3951 476 4008 nocte
490 3953 617 4028 gestum
638 3941 741 4005 fluerat
761 3943 905 4026 exponit,
927 3944 1089 4028 armisque
1109 3943 1260 4027 proiectis

137 4027 203 4112 ipsi
225 4026 309 4109 duci,
355 4025 410 4090 uid
432 4036 464 4091 et
485 4048 549 4111 qua
570 4027 604 4090 vi
626 4034 755 4089 coaetus
777 4026 923 4102 iurasset,
945 4027 1124 4090 innotescit.

224 4110 275 4177 61.
319 4048 393 4175 lito
423 4119 582 4196 tempore,
617 4129 689 4171 cum
718 4107 803 4173 idem
832 4108 900 4173 dux
925 4111 1067 4194 reginam
1101 4109 1134 4173 in
1161 4130 1261 4174 manu

138 4231 164 4284 a)
181 4235 272 4276 autema
289 4231 324 4278 1¹².
574 4231 577 4236 '

118 4311 122 4320 .
141 4329 171 4394 l)
190 4329 209 4382 i.
228 4347 249 4382 c.
269 4340 385 4384 mortem.
423 4331 455 4383 P.
