3116 4822
341 411 392 460 DE
411 407 571 460 UNlTATl}
591 407 797 461 Eccnnsnsn
818 409 1095 465 CONSERVANDA.
1245 412 1277 460 61

156 570 341 640 defendunt.
390 575 591 640 Intuendum
627 578 739 658 etium,
776 577 889 662 inquit,
917 579 1005 663 quod
1033 580 1193 660 homiues,
1222 581 1281 664 qui

163 661 324 747 Wyteno
346 659 395 722 ael
417 661 584 725 Hearicbo
595 659 728 744 sanent,
757 672 816 725 aut
836 663 1024 746 temporalis
1047 665 1206 728 commodi
1232 686 1280 728 re·

39 769 43 778 ·
155 754 269 829 spectu
290 743 339 808 uel
362 743 527 808 humanae
548 742 674 828 gloriae
686 744 829 830 faciunt
850 746 908 810 boc
930 748 1064 812 intuitu.

227 828 292 896 ,14.
336 826 567 892 Erubescimus
597 849 684 910 sane,
717 828 804 914 quod
831 829 908 894 facti
936 851 1047 894 sumus
1070 829 1278 916 obprobrium
1288 851 1363 906 (mn)

34 913 42 952 '·
156 909 253 976 nimis
275 911 415 987 inimicis
436 913 565 994 nostris,
589 912 677 998 quod
700 920 733 976 et
754 912 818 976 dici
840 933 905 976 non
927 913 1025 978 debet
1046 915 1114 979 sine
1129 914 1279 998 lacrimis,

180 996 235 1058 uia
256 996 319 1081 ipsi
340 995 548 1060 ferventiores
570 995 708 1061 suntad
729 995 964 1060 defendendam
980 1000 1101 1084 pariter
1115 1010 1147 1064 et
1161 1019 1279 1084 augen-

157 1017 234 1143 dam
256 1089 379 1165 partem
402 1081 453 1144 sui
475 1078 634 1165 Gregorii,
656 1100 753 1166 quam
768 1082 869 1145 nostri
884 1083 924 1146 ad
965 1082 1143 1147 robandam
1157 1093 1190 1147 et
1205 1104 1279 1146 con·

157 1163 351 1228 firmandam
371 1165 528 1228 unitatem
551 1161 725 1229 catholicae
746 1163 900 1230 ecclesiae
916 1104 1047 1231 obiisti.
1088 1167 1172 1230 Nam
1187 1167 1280 1232 iuxta

159 1245 248 1333 quod
274 1246 391 1313 dicitur
418 1249 453 1312 in
479 1247 659 1332 euangelio,
688 1249 787 1312 moris
812 1271 882 1314 esse
912 1251 1090 1315 scribarum
1117 1260 1149 1315 et
1170 1240 1370 1341 Phari-'2⁶:2¹2

160 1353 306 1396 saeorum
344 1341 376 1397 et
396 1331 655 1418 hypocritarum,
690 1333 892 1397 circumeunt
912 1355 1001 1399 mare
1023 1345 1056 1399 et
1083 1333 1217 1418 aridam,
1244 1343 1282 1399 ut
1320 1327 1326 1354 '
1361 1329 1368 1342 ⁰

159 1437 225 1480 non
252 1426 376 1481 tantum
405 1417 526 1482 faciant
554 1437 654 1480 unum
681 1416 906 1501 proselytum,
935 1418 990 1483 sed
1021 1427 1057 1482 ut
1083 1427 1169 1483 totus
1191 1440 1281 1482 mun·

158 1501 220 1566 dus
242 1501 341 1565 vadat
360 1510 434 1586 post
455 1523 520 1583 eos,
550 1523 615 1564 non
635 1509 710 1650 gost
732 1500 911 1584 Christum3
945 1501 1031 1567 unde
1053 1512 1085 1567 et
1106 1501 1281 1585 Pharisaei,

159 1585 216 1672 qui
238 1584 388 1649 dicuntur
403 1583 511 1668 divisi,
532 1583 640 1649 invide
664 1594 720 1649 ant
735 1583 874 1666 Christo,
897 1587 980 1651 sicut
999 1584 1118 1671 legitur
1135 1587 1169 1650 in
1184 1605 1280 1651 euan-

158 1667 254 1755 gelio,
288 1668 375 1756 quod
406 1670 511 1750 turba,
549 1689 632 1755 quae
688 1667 878 1733 raecedebat
910 1679 942 1768 et
973 1691 1056 1756 quae
1088 1671 1283 1758 sequebatur

58 1829 61 1834 ¹
159 1763 289 1818 eunmm
318 1752 595 1839 Hierosolymam,
626 1774 646 1817 a
695 1752 850 1816 visionem
885 1753 1006 1819 scilicet
1034 1755 1137 1840 pacis,
1169 1753 1440 1834 laudesnmnans.

159 1836 387 1903 acclamaverit
413 1838 459 1902 ei:
498 1837 647 1918 Osanna,
680 1836 874 1920 benedictas,
925 1841 962 1902 ui
987 1839 1132 1902 venitin
1154 1841 1282 1904 nomine

160 1923 309 2003 Domini,
338 1930 370 1985 et
399 1920 563 1986 dicebant:
597 1920 727 2001 Videtis,
757 1923 839 2004 quin
864 1861 949 1986 ntltt
972 1921 1184 2006 prefecimus,
1214 1941 1427 1994 coaeternam.

10 2004 13 2054 f
102 2064 105 2069 .
160 2007 304 2072 mundus
317 2015 402 2070 tatus
414 2017 491 2090 post
505 2027 577 2070 enm
592 2005 682 2069 abiit.
718 2004 762 2069 Et
779 2003 849 2070 ille:
874 2004 952 2070 Cum
971 2005 1145 2088 annitatur,
1166 2005 1281 2092 inquit,
1291 2036 1327 2077 ra.
1335 2037 1371 2077 aa.

149 2090 268 2176 fuero,
292 2091 404 2153 omnia
425 2091 556 2154 trabam
579 2089 703 2155 adme.
747 2087 791 2152 Et
811 2089 931 2174 gratias
962 2107 1063 2174 agens
1084 2087 1158 2154 Deo
1186 2091 1282 2176 patri,

161 2173 249 2262 qnod
284 2173 416 2238 mitibus
447 2181 543 2260 atque
577 2173 752 2238 mansuetis
781 2171 975 2238 revelaverit
1003 2184 1202 2239 sacramenta
1227 2171 1283 2238 ad·

160 2268 278 2323 ventus
300 2258 359 2338 sui,
390 2279 475 2344 quae
495 2258 679 2321 nescierunt
699 2255 824 2323 scribae
849 2267 881 2322 et
902 2256 1082 2322 Pharisaei:
1113 2249 1416 2352 Confiteor,¹¹;‘,⁰{2{}’

160 2342 277 2427 inquit,
307 2341 367 2405 tibi
379 2352 492 2441 pater,
522 2341 651 2406 domine
673 2342 756 2406 caeli
776 2351 805 2406 et
832 2351 949 2421 terrae,
979 2345 1059 2428 quia
1081 2342 1284 2407 abscondisti
1411 2336 1417 2350 ”

160 2428 240 2491 baec
263 2447 285 2488 a
307 2426 514 2510 sapientibus
535 2435 564 2488 et
582 2425 801 2510 prudentibus
822 2437 851 2490 et
873 2425 1025 2490 revelasti
1053 2449 1092 2490 aa
1113 2425 1283 2512 paruulis.

160 2511 216 2573 Ita
235 2520 342 2594 pater,
363 2511 521 2592 quoniam
543 2510 590 2572 sic
602 2509 678 2592 fuit
723 2508 857 2573 tacitum
880 2520 954 2574 ante
976 2519 1014 2572 te.
1060 2509 1180 2575 Omnia
1202 2509 1283 2574 milti

160 2594 288 2658 tradita
310 2601 387 2656 sunt
409 2615 431 2656 a
447 2601 547 2678 patre
568 2613 646 2656 meo.
685 2532 780 2674 ἔοοθ,
803 2613 875 2655 cum
898 2589 1057 2656 exaltatus
1078 2592 1176 2656 fuerit
1192 2593 1283 2658 Chri-

163 2687 242 2757 stus,
266 2675 384 2740 dicitur
404 2676 445 2740 ad
469 2698 503 2740 se
527 2677 634 2740 omnia
655 2674 791 2757 trabere,
815 2684 847 2740 et
869 2675 930 2740 sibi
953 2677 1060 2739 omnia
1082 2686 1208 2761 epatre
1224 2697 1282 2740 suo

160 2760 280 2825 tradita
301 2781 381 2824 esse.
427 2759 492 2824 Sed
513 2757 576 2840 ille,
605 2759 746 2844 quinon
768 2759 872 2822 estin
894 2759 954 2824 hac
977 2759 1195 2841 universitate,
1224 2761 1285 2824 hoc

161 2855 212 2911 est
232 2847 266 2908 in
281 2842 436 2908 catholica
450 2842 595 2925 ccclesia,
618 2843 730 2909 scribit
743 2842 836 2907 talia:
856 2843 938 2923 Nos,
953 2844 1068 2928 inquit,
1090 2845 1149 2928 qui
1162 2845 1284 2908 iustam

157 2938 288 3016 partem
310 2927 467 3015 Gregorii
486 2931 556 2994 iam
578 2951 600 2992 a
614 2928 683 2992 Deo
705 2929 877 3012 assumpti,
899 2929 986 2992 sicut
1006 2929 1131 2992 iustum
1152 2937 1207 3008 est,
1230 2927 1282 2992 de·
1383 2945 1390 2962 ⁴

151 3014 339 3100 fundimus,
361 3033 426 3096 per
447 3013 506 3077 boe
528 3033 595 3076 non
618 3012 753 3094 bomini,
782 3011 839 3075 sed
866 3011 929 3076 soli
949 3011 1019 3076 Deo
1043 3009 1179 3098 placere
1208 3033 1283 3077 aon-

161 3099 334 3164 tendimus.
378 3096 478 3180 Ergo,
509 3095 592 3159 sieut
614 3093 735 3159 dictum
757 3105 806 3159 est
827 3117 869 3160 ex
890 3095 1080 3160 auctoritate
1101 3105 1283 3160 sanctorum

161 3190 301 3267 patrum,
332 3180 475 3262 heretici,
497 3178 576 3244 dum
598 3177 770 3244 defendere
792 3178 900 3244 Deum
921 3179 1075 3261 nitunnn,
1101 3178 1283 3262 offendunt3

163 3275 284 3352 quanto
305 3265 409 3348 magis
432 3264 488 3350 qui
502 3272 627 3348 partem
642 3262 777 3326 alicuius
792 3261 931 3327 bominis
946 3261 1137 3328 defendunt!
1175 3263 1284 3328 Unum

162 3350 272 3435 itaque
302 3349 430 3432 signum
458 3358 507 3412 ost
534 3345 713 3412 electionis:
750 3345 893 3411 soliditas
922 3348 1072 3412 caritatis.
1121 3345 1217 3411 Unde
1244 3368 1285 3411 ne

163 3432 215 3498 vel
235 3430 397 3496 miraculis
420 3429 553 3517 quidem
575 3431 785 3516 reproborum
804 3429 1005 3512 seducamur,
1028 3451 1111 3516 quae
1126 3451 1191 3494 non
1204 3428 1286 3496 fiunt

163 3539 207 3582 ex
237 3517 385 3597 caritate,
412 3514 469 3579 sed
498 3537 557 3600 per
583 3514 763 3580 elationem.
806 3516 848 3579 In
875 3516 952 3596 boa,
980 3513 1086 3600 inquit
1115 3513 1285 3596 Dominus,
1295 3535 1432 3588 mamas.

163 3609 356 3686 cognoscent
381 3621 499 3680 amnes,
529 3600 609 3686 quia
634 3603 698 3664 mei
724 3600 801 3663 estis
828 3597 997 3683 discipuli,
1025 3599 1056 3663 si
1083 3597 1285 3664 dilectionem

164 3685 347 3749 habueritis
381 3683 427 3746 ud
455 3685 603 3748 inuicem.
652 3683 755 3768 Igitur
781 3682 838 3747 ubi
866 3703 929 3745 non
960 3691 1009 3747 est
1037 3683 1168 3764 caritas,
1199 3681 1285 3748 unde

163 3769 274 3834 unitur
295 3765 440 3850 ecclesia,
465 3767 512 3832 ibi
539 3787 604 3831 non
632 3777 681 3830 est
701 3767 832 3848 iustitia,
861 3775 894 3831 et
914 3765 971 3830 ubi
992 3787 1057 3830 non
1083 3777 1133 3831 est
1153 3767 1286 3847 iustitia,

163 3852 212 3916 ibi
233 3873 294 3916 nec
316 3853 418 3915 virtus
440 3848 557 3936 aliqua,
580 3852 733 3936 quoniam
757 3871 867 3914 omnes
890 3851 1043 3916 virtutum
1067 3852 1193 3936 species
1213 3871 1287 3916 con-

164 3937 307 4000 tinentur
328 3956 393 3999 uno
414 3935 555 3998 iustitiae
577 3935 717 4016 nomine,
747 3955 820 3998 cum
842 3943 875 3999 et
896 3935 1017 3999 iustitia
1040 3937 1082 4000 sit
1102 3933 1156 4000 lex
1177 3935 1287 4000 divina

164 4030 196 4086 et
216 4019 381 4083 vinculum
403 4019 564 4082 societatis
585 4017 754 4082 humanae.

254 4105 303 4167 15.
340 4103 538 4167 Intuendum
553 4103 661 4182 etiam,
683 4101 798 4186 inquit,
835 4101 900 4164 uod
914 4123 1032 4183 omnes,
1047 4103 1106 4188 qui
1126 4101 1286 4188 Wiqberta

166 4189 216 4253 ael
237 4187 403 4252 Henriabo
417 4186 549 4271 fauent,
579 4194 638 4249 aut
659 4123 848 4269 temporalis
877 4185 1036 4249 commodi
1063 4197 1210 4270 respectu
1240 4189 1288 4252 uel
1401 4200 1408 4210 ‘

167 4375 192 4429 a)
207 4376 367 4428 proselythnm
384 4379 404 4418 1.
