3098 4818
423 367 543 419 BRUNO
562 365 612 416 DE
631 365 752 417 BELLO
772 366 959 420 SAXONlCO.
1214 368 1247 418 63

129 555 228 621 quam
243 532 377 621 posthac
393 535 546 599 servitute
560 535 778 620 premendam,
799 535 973 600 adiuvante
987 534 1070 600 Deo.
1102 535 1249 600 Retinete
1260 552 1326 594 1⁰⁷⁶.

129 639 245 682 manus
273 639 293 680 a
320 618 450 683 tributis
485 616 660 701 solvendis,
700 620 835 684 retinete
873 622 1092 718 possessiones
1127 630 1249 684 vestras

129 701 257 785 liberas,
279 703 362 768 sicut
383 700 501 766 liberas
517 723 571 767 eas
593 725 614 768 a
627 704 742 769 vestris
763 702 950 788 parentibus
972 704 1150 790 accepistis.
1183 704 1250 767 Vos

129 797 235 852 autem
263 785 405 851 fautores
431 786 624 872 iniquitatis,
657 789 714 874 qui
745 788 881 852 miserae
908 786 1012 873 plebis
1042 810 1060 852 ο
1085 788 1250 874 pressione

129 869 268 936 crudelis
289 871 419 956 tyranni
439 872 578 954 gratiam
606 873 791 958 quaesistis,
818 872 859 938 ab
881 811 1093 958 opprimendo
1116 879 1249 954 cessate,

130 956 171 1021 ab
201 953 362 1039 exigendo
393 955 565 1040 quiescite,
595 967 627 1020 et
654 977 696 1021 ex
725 955 785 1019 hac
812 955 891 1020 bora
917 954 968 1020 vel
994 957 1162 1022 nobiscum
1213 977 1249 1019 ro

128 1037 275 1103 libertate
303 1039 477 1125 pugnaturi
505 1037 643 1104 fideliter
664 1049 696 1104 et
720 1039 816 1104 iurati
836 1050 1035 1124 permanete,
1063 1039 1115 1105 vel
1135 1040 1168 1102 in
1189 977 1251 1104 bac

129 1122 209 1187 hora
229 1121 318 1186 velut
339 1122 447 1187 hostes
468 1122 559 1186 infidi
580 1131 613 1188 et
631 1125 753 1209 periuri
774 1145 794 1186 a
813 1123 907 1188 nobis
929 1133 995 1188 eta
1015 1125 1121 1210 patria
1140 1134 1251 1188 nostra

130 1227 307 1292 numquam
328 1207 487 1270 reversuri
509 1206 683 1273 discedite’
718 1205 851 1273 Talibus
864 1207 973 1273 verbis
995 1218 1027 1274 et
1047 1208 1154 1272 hostes
1176 1229 1250 1272 con-

130 1290 196 1355 fusi
217 1311 238 1353 a
251 1289 417 1355 ferocitate
433 1291 611 1377 quiescunt,
633 1301 666 1356 et
680 1293 766 1356 cives
781 1291 959 1373 confortati,
980 1293 1118 1379 pristina
1131 1291 1250 1356 virtute

130 1384 269 1461 recepta,
284 1376 317 1438 in
332 1375 576 1440 unanimitatem
590 1374 683 1440 facile
699 1375 891 1441 coalescunt.
921 1374 1103 1441 Coadunati
1114 1376 1251 1462 denique

130 1459 293 1544 praesidia
320 1458 465 1524 Heinrici
491 1459 533 1523 ab
562 1459 711 1524 omnibus
739 1459 877 1525 castellis
906 1461 1027 1525 eiciunt
1054 1470 1085 1525 et
1117 1458 1178 1525 illis
1213 1481 1252 1524 ea

130 1564 267 1629 quorum
291 1543 418 1608 fuerant
445 1541 548 1608 libera
579 1545 764 1624 restituunt3
794 1546 1012 1629 possessiones
1044 1544 1137 1626 alias,
1171 1564 1250 1631 quas

129 1637 285 1713 tyrannus
306 1627 423 1693 iniuste
444 1627 494 1690 his
516 1648 654 1728 quorum
675 1638 767 1692 erant
787 1637 926 1713 ereptas,
951 1629 1100 1694 iniustius
1125 1626 1187 1694 illis
1208 1626 1251 1692 ad

132 1733 213 1798 quos
241 1710 328 1776 nullo
356 1711 426 1774 iure
448 1710 652 1794 pertinebant
673 1709 862 1793 donaverat,
888 1711 1052 1795 auferunt,
1080 1724 1113 1778 et
1133 1733 1187 1777 eas
1208 1711 1251 1775 ad

7 1839 8 1842 κ
130 1795 231 1858 iustos
260 1815 461 1881 possessores
487 1793 592 1859 redire
620 1794 750 1858 faciunt.
801 1795 863 1857 His
893 1794 1039 1859 omnibus
1068 1798 1102 1859 in
1132 1793 1250 1859 finibus

129 1879 248 1942 nostris
275 1879 335 1944 rite
357 1878 515 1963 peractis,
543 1876 628 1942 diem
651 1887 683 1942 et
708 1876 817 1942 locum
839 1877 1067 1961 determinant,
1100 1879 1156 1944 ubi
1179 1899 1251 1942 con·

131 1962 273 2027 cordiam
303 1963 345 2028 ad
372 1961 591 2026 defensionem
619 1961 743 2048 patriae
769 1962 955 2026 renovaturi
984 1963 1185 2043 conveniant,
1219 1971 1252 2026 et

130 2068 186 2112 eos
207 2048 241 2109 in
255 2047 373 2134 quibus
394 2043 591 2111 infidelitatis
606 2046 748 2132 suspicio
762 2045 926 2126 resideret,
949 2055 1005 2111 aut
1018 2067 1038 2109 a
1050 2045 1169 2110 finibus
1184 2045 1250 2108 suis

130 2131 220 2196 exire
241 2141 297 2196 aut
318 2153 428 2196 secum
449 2128 587 2196 fideliter
608 2131 780 2196 convenire
803 2128 1006 2215 compellant.

214 2217 265 2281 85.
309 2215 401 2280 Haec
434 2215 542 2279 omnia
577 2215 655 2280 dnm
688 2214 860 2280 Heinricus
893 2213 1049 2297 audisset,
1086 2213 1182 2278 nimis
1216 2213 1311 2276 inIun.

7 2329 9 2334 ·
129 2301 237 2364 animo
269 2299 490 2380 conturbatur,
524 2307 556 2364 et
584 2299 805 2387 Mogontiam⁸
836 2300 985 2382 veniens,
1018 2298 1176 2386 quosdam
1210 2296 1249 2362 de
1261 2287 1296 2328 ²⁹·

128 2383 266 2448 residuis
292 2383 398 2448 adhuc
426 2405 465 2448 ca
489 2384 564 2449 tivis
585 2383 627 2449 ad
648 2407 682 2450 se
704 2383 781 2448 duci
801 2384 967 2469 praecepit
992 2393 1119 2449 etcum
1141 2385 1188 2447 eis
1210 2381 1250 2448 de

129 2468 248 2552 pretio,
281 2489 344 2566 quo
371 2490 405 2532 se
432 2491 466 2532 re
491 2469 625 2534 'merent
652 2478 689 2532 ut
714 2467 964 2550 dimitterentur,
998 2468 1074 2552 egit.
1122 2467 1250 2531 Interea

130 2559 199 2614 orta
225 2549 381 2616 seditione
408 2551 492 2616 inter
511 2551 716 2637 Mogontinos
745 2562 778 2617 et
803 2549 1090 2637 Babenbergenses
1122 2549 1247 2632 milites,

130 2634 245 2699 civitas
260 2657 280 2698 a
293 2633 619 2720 Babenbergensibus
633 2635 824 2718 incenditur,
845 2636 891 2700 ita
904 2645 941 2700 ut
954 2645 1022 2700 tota
1035 2634 1088 2700 vel
1105 2634 1249 2697 maxima

153 2740 205 2783 ars
234 2719 304 2783 eius
332 2739 445 2782 arsura
470 2719 642 2784 videretur.
685 2719 739 2784 Ad
760 2741 858 2806 quam
885 2717 1145 2804 restinguendam
1170 2716 1248 2781 dum

163 2803 300 2868 einricus
328 2805 398 2889 ipse
423 2803 590 2889 omnisque
620 2801 758 2890 populus
790 2802 968 2886 festinaret,
1000 2803 1120 2888 captivi
1148 2801 1249 2866 nostri

129 2887 197 2952 sine
220 2887 351 2952 custode
372 2885 485 2968 relicti,
506 2887 637 2952 inventa
657 2888 734 2951 navi
748 2886 895 2952 Rhenum
916 2886 1121 2968 transierunt,
1143 2895 1176 2950 et
1196 2883 1248 2949 die

129 2981 289 3057 noctuque
317 2971 518 3053 festinantes,
546 2971 580 3034 in
630 2971 742 3037 atriam
775 2992 866 3035 suam
892 2979 1118 3056 pervenerunt.
1160 2969 1249 3034 Inter

151 3075 210 3119 uos
237 3065 306 3120 erat
326 3055 422 3120 etiam
445 3053 594 3120 Gerdrud
618 3103 626 3138 ,
653 3053 844 3120 nobilissimi
867 3053 996 3120 Ottonis
1023 3053 1114 3118 ducis
1141 3052 1247 3118 fratris

162 3139 316 3203 erimanni
330 3138 440 3220 vidua,
477 3159 552 3202 uam
566 3138 742 3224 Lodowig⁶
760 3147 834 3204 ante
849 3137 1014 3204 biennium
1028 3138 1094 3203 fere
1109 3147 1248 3223 ceperat,

129 3231 161 3287 et
190 3221 320 3287 domino
350 3245 408 3286 suo
471 3224 604 3306 einrico,
633 3232 670 3288 ut
696 3223 737 3288 ab
766 3245 805 3288 ea
834 3224 1003 3310 pecuniam
1033 3231 1247 3308 extorqueret,

128 3305 216 3392 quod
238 3306 375 3388 etfacit,
396 3305 586 3372 adduxerat.

213 3391 263 3455 86.
300 3391 473 3456 Heinricus
495 3412 572 3477 ergo
593 3413 694 3456 exrex
715 3391 828 3454 videns
850 3411 927 3454 suae
941 3389 1099 3454 voluntati
1115 3395 1247 3452 cunctas

127 3497 179 3540 res
200 3475 375 3558 adversari,
398 3497 472 3538 cum
492 3473 682 3561 intelligeret
703 3497 737 3540 se
753 3473 793 3538 de
814 3473 926 3559 lupina
946 3473 1110 3538 ferocitate
1131 3494 1246 3558 parum

127 3559 296 3647 proficere,
330 3557 514 3646 pelliciam‘¹
546 3581 633 3622 nunc
666 3559 816 3622 ovinam⁸
848 3557 1005 3644 cogitavit
1033 3556 1181 3638 induere,
1211 3567 1247 3620 ut

128 3645 308 3710 ostensione
339 3643 467 3729 pictatis
502 3653 534 3707 et
566 3643 705 3707 iustitiae
737 3641 809 3706 deci
835 3651 916 3724 eret,
949 3662 1030 3728 quos
1059 3638 1246 3705 crudelitate

126 3727 268 3793 violenta
295 3749 447 3815 superare
473 3749 536 3791 non
562 3735 684 3826 posset.
727 3663 867 3790 Volebat
892 3747 1031 3811 namque
1059 3724 1181 3810 legatos
1204 3722 1246 3787 ad

128 3813 306 3879 Saxoniam
336 3813 477 3893 mittere,
516 3831 572 3896 qur
605 3810 762 3892 dicerent,
804 3832 838 3874 se
871 3811 915 3874 eis
948 3809 1020 3910 plus
1053 3831 1151 3895 quam
1182 3807 1246 3894 ipsi

127 3907 283 3984 cuperent
303 3896 423 3960 bonum
445 3916 514 3959 esse
535 3892 628 3975 velle,
649 3916 683 3959 se
705 3895 833 3980 penitus
854 3894 1041 3961 iniustitiam
1064 3915 1139 3958 cum
1159 3893 1246 3958 vitiis

127 3981 286 4065 omnibus,
331 3980 416 4045 noad
436 3988 557 4064 posset,
578 3977 715 4059 abicere,
737 4001 772 4043 se
787 3979 880 4043 eisin
896 3978 1045 4043 omnibus
1066 3979 1246 4062 pariturum

128 4065 260 4149 dedere3
280 4002 337 4131 sed
350 4063 483 4144 nullum,
499 4063 555 4148 qui
569 4062 653 4126 hanc
666 4061 858 4147 legationem
873 4073 1002 4150 portare
1009 4069 1245 4211 praesumeret,

126 4150 262 4233 invenit;
290 4150 366 4236 quia
391 4149 431 4213 de
459 4149 524 4211 suis
546 4166 675 4233 quoqne
696 4168 771 4210 eum
795 4145 917 4229 nullus,
944 4168 1008 4234 quo
1053 4167 1108 4210 ore
1130 4145 1245 4227 emisit,

127 4273 152 4327 a)
169 4275 327 4325 florentinam
345 4280 365 4316 1.
424 4274 448 4326 b)
465 4274 591 4315 Gerdrudts
606 4274 692 4315 muller
706 4273 854 4314 nobilissima
867 4274 947 4323 Magni
967 4274 1031 4314 ducis
1047 4282 1154 4324 noverca,
1176 4283 1245 4322 quam

126 4335 240 4384 hodonis
255 4336 277 4374 t.
338 4333 359 4385 c)
373 4335 484 4384 muewlg
501 4335 521 4376 1.
581 4331 605 4384 d)
620 4333 653 4374 tto
674 4333 792 4372 mandevit
806 4332 1084 4385 Pmnas5pelllnsm13
1105 4332 1192 4384 pellem
1209 4326 1243 4372 lb.

127 4391 151 4445 a)
166 4394 199 4434 ito
213 4393 292 4434 moad.
308 4394 449 4445 θίαιῠνοσὴεῑ
466 4403 514 4434 non
529 4391 648 4434 corvinam
664 4393 684 4433 1.
703 4386 738 4434 lb.
