3116 4822
293 423 312 471 4
484 421 534 472 DE
554 422 713 475 UNITATE
733 421 937 474 nocnnslaa
959 423 1234 477 CONSERVANDA.

289 593 371 654 stati
392 613 459 656 non
482 599 553 654 erat
574 590 676 669 utilis,
700 614 721 652 a
742 612 844 675 repno
867 592 1017 675 deposuit
1038 600 1067 654 et
1082 591 1145 675 Pip
1172 594 1275 673 inurn,
1300 593 1414 658 Caroli

292 676 414 760 Mapni
442 677 653 760 imperatoris
672 683 812 758 patrem,
834 677 869 738 in
896 684 964 738 eins
993 676 1062 740 loeo
1095 677 1270 757 sustituit,
1304 700 1413 742 omnes

290 759 519 843 Francipenas
542 782 563 821 a
584 758 961 840 iuramentofideiitatis,
985 782 1082 843 quarn
1101 758 1153 822 iiii
1164 759 1332 844 fecerant,
1356 764 1410 826 ab·

287 843 395 908 solvit.
437 842 481 905 Et
501 841 596 927 longe
618 854 752 927 supra¹:
782 843 822 906 Ut
843 843 881 906 de
903 842 1024 924 multis,
1046 843 1170 944 inquit,
1180 867 1295 928 pauco
1317 845 1410 909 diea-

150 985 176 1023 Μ
192 985 225 1025 Μ
243 985 270 1026 16
290 949 371 1007 mus,
401 929 475 1010 quis
502 935 637 1012 ipnorat
664 949 769 990 noeern
799 927 925 991 domini
947 951 986 990 ac
1008 925 1186 991 saluatoris
1208 932 1315 992 nostri
1335 929 1411 994 Iesu

169 997 278 1089 1⁸s-ia’
292 1010 415 1077 Christi
436 1012 473 1073 in
496 1009 668 1096 euanpeiio
690 1011 845 1076 dicentis:
868 1013 929 1074 ‘Tu
951 1033 983 1076 es
1003 1011 1129 1092 Petrus,
1152 1021 1181 1076 et
1202 1035 1304 1097 snper
1325 1015 1411 1076 banc

284 1103 416 1178 petram
449 1094 628 1175 aedificabo
661 1094 829 1159 eeclesiam
861 1118 975 1176 neam,
1009 1105 1037 1157 et
1064 1104 1182 1179 portae
1211 1095 1315 1178 inferi
1343 1118 1411 1160 non

283 1177 524 1262 praevalebunt
552 1179 711 1242 adversus
739 1201 819 1257 earn,
848 1187 876 1240 et
903 1180 961 1242 tibi
983 1179 1067 1242 dabo
1091 1179 1196 1244 claves
1218 1181 1315 1266 repni
1337 1203 1408 1244 eae·

287 1261 403 1342 iorum,
432 1271 462 1324 et
488 1261 709 1346 quodounsque
731 1260 889 1347 iipnoeris
911 1273 1162 1346 superterram,
1185 1265 1247 1326 erit
1268 1263 1410 1350 iipaturn

288 1355 317 1410 et
330 1348 368 1410 in
383 1345 493 1424 saetis,
516 1354 545 1408 et
560 1345 781 1429 quodcunque
804 1343 937 1410 solveris
952 1356 1197 1430 superterram,
1219 1357 1248 1409 et
1262 1349 1298 1410 in
1314 1348 1410 1411 caelis

288 1431 350 1493 erit
373 1425 542 1493 sotosum’t
584 1427 751 1513 Nunquid
779 1429 830 1492 bie
858 1451 949 1515 repes
979 1432 1106 1513 sucepti
1133 1430 1234 1494 sunt?
1263 1440 1408 1495 autnon

287 1521 366 1576 sunt
388 1513 427 1575 de
450 1511 575 1591 ovibus,
597 1533 681 1596 quos
698 1512 806 1576 Filius
827 1513 893 1577 Dei
916 1514 1006 1577 beato
1028 1513 1122 1577 Petro
1146 1513 1324 1578 commisit?

373 1597 402 1664 3.
446 1595 537 1658 Haeo
570 1595 670 1660 verba
702 1596 731 1658 si
763 1597 880 1660 caritas
936 1619 995 1661 uae
1027 1596 1177 1662 aedificat
1205 1607 1408 1682 temperaret,

288 1679 440 1743 discessio
462 1677 599 1760 illorum,
627 1701 685 1764 per
707 1701 788 1764 quos
809 1619 968 1766 regendus
990 1690 1039 1745 est
1060 1681 1209 1762 mundae,
1239 1682 1303 1744 iam
1325 1683 1410 1747 faeta

287 1785 353 1826 nou
373 1763 495 1843 fuisset,
518 1762 680 1846 quoniam,
702 1765 785 1827 sieut
807 1766 941 1828 seritur
964 1773 1094 1829 sanetus
1108 1764 1176 1828 Leo
1198 1786 1298 1851 papa:
1321 1789 1409 1824 omnes

287 1870 330 1904 res
349 1859 421 1904 tutae
441 1869 495 1904 esse
513 1869 567 1902 non
581 1858 704 1917 possunt,
723 1853 777 1904 nisi
796 1871 863 1920 quoe
883 1854 921 1906 ad
933 1853 1054 1906 diuinam
1072 1855 1259 1919 confessionem
1297 1854 1408 1906 ertinent

286 1935 312 1976 et
334 1925 410 1993 repia
434 1934 458 1976 et
481 1925 655 1976 sacerdotatis
680 1926 854 1992 defendereta
882 1929 1036 1979 auctoritas.
1075 1921 1169 1985 Unde
1197 1931 1229 1986 et
1291 1921 1407 1986 elesius

286 2013 410 2088 papa³z
438 2007 566 2070 Ciuistus,
591 2002 705 2086 inquit,
727 2025 825 2060 mernor
841 2009 1005 2075 frnpilitatis
1030 2010 1173 2074 humanae,
1204 2012 1274 2076 quod
1300 2027 1409 2062 suorum

287 2092 370 2142 soluti
393 2095 555 2156 eonprueret,
581 2089 778 2156 dispensatione
805 2091 946 2157 mupnifieo
974 2087 1167 2154 temperaretb;
1196 2093 1233 2142 sio
1261 2091 1408 2142 notionibus
1486 2137 1488 2141 .

283 2163 403 2230 propriis
426 2161 651 2228 dipnitatibuspue
677 2163 807 2214 distinctis
837 2163 926 2229 offitia
945 2163 1085 2229 potestatis
1109 2165 1247 2230 utriusque
1276 2163 1408 2228 discrevit,

287 2246 317 2286 ut
342 2245 366 2288 et
389 2236 529 2287 christiani
551 2235 722 2300 imperotores
744 2253 796 2300 pro
823 2245 931 2287 aeterno
955 2237 1012 2286 nito
1026 2238 1196 2303 pontificibus
1216 2237 1365 2303 indifferent
1383 2245 1408 2288 et

281 2309 419 2375 pontifices
437 2325 486 2374 pro
506 2309 690 2372 temporalium
709 2325 789 2359 eursu
807 2326 897 2360 reruni
915 2308 1098 2374 imperialibus
1118 2310 1335 2376 dispositionibus
1351 2318 1407 2360 ute·

286 2391 380 2433 rentur
399 2399 430 2432 ao
449 2382 486 2431 sie
505 2379 633 2430 modestia
652 2381 789 2446 utriusque
808 2380 910 2432 ordinis
930 2390 1079 2445 auraretur,
1099 2401 1132 2434 ne
1151 2393 1263 2449 utroque
1282 2383 1407 2448 suffultus

287 2456 460 2508 attolleretur.
494 2447 586 2526 Quae
610 2469 683 2511 eum
700 2449 745 2510 ita
759 2449 850 2512 Deus
872 2448 1067 2534 disposuerit
1088 2458 1119 2513 et
1140 2449 1220 2515 haee
1242 2450 1316 2532 duo,
1340 2450 1409 2534 qui-

287 2529 347 2594 bus
369 2529 589 2615 principaliter
610 2531 661 2594 hie
683 2531 822 2596 mundus
844 2542 983 2618 regatur,
1011 2533 1151 2617 regalem
1178 2534 1300 2598 scilieet
1320 2545 1409 2618 pote·

288 2623 404 2679 statem
431 2623 463 2679 et
492 2623 650 2680 sacratam
680 2616 892 2700 pontificum⁰
924 2618 1171 2682 auctoritatem⁴
1205 2617 1409 2700 ordinaverit,

288 2699 360 2784 quis
383 2707 494 2762 eontra
516 2698 595 2763 haee
616 2701 662 2763 ire
684 2700 866 2786 temptabit,
887 2702 951 2764 nisi
967 2702 1022 2788 qui
1037 2701 1100 2764 Dei
1116 2701 1310 2765 ordinationi
1331 2703 1410 2764 resi-

287 2782 364 2847 stit?
395 2783 444 2848 Eo
467 2784 552 2848 enim
574 2785 669 2848 modo
693 2784 805 2848 beatus
826 2783 992 2870 apostolus
1014 2785 1132 2848 Paulus
1155 2785 1323 2850 ecelesiam
1345 2785 1410 2850 Dei

287 2867 424 2948 ordinat,
456 2878 491 2931 ut
522 2866 601 2930 nihil
634 2867 788 2932 adversus
821 2869 984 2954 principes
1017 2877 1049 2932 et
1080 2879 1255 2954 potestates
1289 2868 1410 2933 saeculi

287 2973 402 3035 gerens
424 2971 482 3035 per
505 2951 645 3034 quietem
668 2961 700 3015 et
721 2951 982 3050 tranquillitatem
1003 2953 1089 3017 vitae
1112 2975 1193 3038 opus
1214 2954 1355 3018 iustitiae
1377 2961 1410 3018 et

136 3057 202 3098 nom.
214 3057 249 3109 1s,
257 3059 277 3100 1.
288 3035 416 3118 pietatis
438 3043 596 3100 exerceat.
647 3034 766 3116 Omnis,
795 3037 909 3120 mquit,
938 3036 1051 3102 animo
1067 3039 1285 3122 potestatibus
1308 3039 1407 3102 subii-

287 3119 443 3182 rnioribus
465 3117 599 3182 subdito
620 3121 672 3200 sit,
696 3129 731 3181 ut
753 3121 894 3204 quietari
916 3131 945 3184 et
965 3130 1042 3184 tran
1064 3121 1180 3186 uitium
1199 3124 1301 3186 uitam
1325 3145 1408 3206 apo·

155 3219 359 3266 lain-unius
387 3204 425 3265 in
455 3204 544 3266 omni
561 3203 685 3286 pietate
707 3212 736 3266 et
758 3206 917 3284 castitate,
940 3205 1027 3290 quod
1044 3145 1167 3270 bonurn
1190 3215 1218 3268 et
1241 3215 1409 3289 accepturu

186 3277 250 3318 Μ’
287 3295 332 3350 est
347 3309 458 3350 eororn
474 3286 637 3349 salvatore
659 3295 769 3350 nostro
784 3288 864 3352 Deo.
901 3287 967 3362 Qui
982 3299 1088 3352 antem
1107 3291 1231 3355 resistit
1241 3291 1408 3373 potestati,

132 3392 198 3431 nom.
209 3391 243 3443 rs,
253 3391 273 3432 a.
289 3371 363 3450 Dei,
385 3370 498 3455 inquit,
521 3370 728 3434 ordinationi
742 3373 872 3434 resistit.
905 3372 979 3435 Non
993 3372 1045 3436 hie
1063 3372 1102 3435 de
1117 3372 1180 3436 illis
1195 3372 1409 3458 potestatibus

288 3453 376 3536 dicit,
405 3474 488 3538 quae
517 3453 755 3538 persecutiones
784 3454 924 3518 inferunt
950 3454 1035 3536 fidei,
1066 3457 1142 3542 quia
1169 3457 1214 3522 ibi
1237 3457 1409 3522 dicendum

148 3558 193 3598 aa
211 3547 352 3612 arsest:
383 3537 454 3601 Deo
483 3537 701 3622 obtemperare
725 3549 847 3623 oportet
869 3541 975 3624 napis
1005 3563 1099 3624 quani
1129 3542 1323 3622 bominibus,
1352 3539 1410 3603 sed

288 3623 328 3684 de
342 3622 412 3686 istis
428 3621 651 3684 communibus
675 3621 763 3704 dicit,
786 3644 868 3708 quae
890 3644 955 3685 non
977 3637 1051 3686 sunt
1071 3625 1180 3688 timori
1201 3625 1278 3688 boni
1294 3622 1408 3706 operis⁷

288 3705 344 3768 sed
374 3703 459 3785 mali,
490 3705 605 3790 quibus
635 3705 745 3790 utique
775 3707 831 3791 qui
852 3707 973 3770 resistit
993 3708 1063 3791 ipse
1086 3706 1149 3771 sibi
1171 3707 1409 3770 damnationem
1457 3751 1459 3754 -

159 3787 277 3886 R03¹J¹p¹³v
288 3811 347 3875 pro
368 3798 531 3873 gestorum
555 3788 707 3875 qualitate
723 3790 892 3876 conquirit.
931 3791 983 3856 Vis
999 3802 1115 3874 autent,
1138 3793 1192 3871 ait,
1215 3811 1283 3852 non
1298 3791 1409 3854 timere

288 3963 312 4014 a)
330 3963 441 4004 defendat
455 3963 506 4002 Leo.
569 3962 593 4012 b)
610 3964 721 4012 quonism
738 3993 743 4002 .
760 3992 766 4004 .
784 3993 788 4002 .
806 3990 812 4002 .
829 3965 968 4012 temperavit
983 3965 1053 4004 Gelas.
1122 3962 1143 4013 e)
1159 3960 1303 4010 pontificium
1314 3963 1334 4012 1,
1350 3964 1409 4011 quod

288 4023 407 4063 sanaturus
422 4023 547 4064 emendarit.

291 4168 316 4230 1)
342 4166 361 4216 l.
381 4181 405 4216 o.
431 4181 457 4230 p.
477 4164 540 4214 454.
634 4160 663 4228 2)
683 4164 805 4228 Epistula
823 4165 922 4216 Leonis
949 4165 983 4214 ad
1002 4162 1171 4214 Pulshsrism
1191 4169 1343 4229 augustam,
1363 4179 1407 4230 ap.

288 4235 456 4301 Hirminum,
470 4236 628 4288 Decretales
642 4236 937 4302 Pseudo-Isidorianse,
950 4238 1024 4303 Lips.
1039 4235 1118 4297 1863,
1137 4255 1164 4304 p.
1179 4237 1241 4288 603.
1293 4235 1323 4301 3)
1342 4238 1408 4302 Epi·

288 4311 374 4362 stulae
398 4313 576 4362 Romanorum
596 4309 753 4376 pontificum
778 4313 911 4375 genuinae
932 4310 975 4361 sd.
1000 4309 1084 4360 Andr.
1104 4311 1191 4372 Thiel,
1218 4312 1409 4374 Brunsbergse

291 4383 370 4447 1868,
391 4385 413 4446 I,
433 4402 460 4450 p.
481 4383 543 4435 668.
619 4383 647 4447 4)
667 4384 685 4434 l.
707 4399 730 4433 e.
750 4384 773 4446 I,
794 4401 819 4450 p.
840 4385 902 4434 361.
