3116 4822
323 378 373 427 DE
393 377 551 428 UNITATE
572 377 776 429 Eccunslln
798 378 1073 430 CONSERVANDA.
1247 381 1263 430 9

141 547 258 609 iurare
284 567 386 631 aeque
407 567 472 630 per
502 545 635 627 coelam,
667 569 768 631 neque
788 567 850 628 per·
877 555 1008 626 terram,
1037 569 1140 632 aeque
1168 547 1264 611 aliud

143 629 366 714 quodcumque
387 631 627 710 iuramentum,
655 632 697 694 sit
725 641 829 694 aretem
852 651 953 693 sermo
975 640 1098 694 aester:
1123 639 1178 710 est,
1208 641 1262 712 eat,

142 735 219 793 aaa,
242 736 319 794 aon,
342 722 379 777 at
401 735 467 777 aon
489 714 547 776 sab
571 715 694 778 iudicio
710 714 879 778 decidatis.
911 711 993 776 (lum
1015 725 1124 780 autem
1146 713 1263 800 aliquis

141 798 305 879 iuraverit,
336 797 607 861 considerandum
630 807 688 880 est,
710 819 775 861 non
797 795 900 860 solum
923 797 986 878 cui,
1009 797 1066 864 sed
1088 821 1263 884 perquem

139 881 302 963 iuraverit,
325 882 518 946 constrictus
540 882 674 968 perinde
696 881 796 945 divini
818 882 1019 946 attestatione
1044 883 1196 964 nominis,
1218 891 1264 946 at·

163 987 204 1028 ue
228 965 303 1030 ideo
331 968 387 1052 qui
408 966 623 1030 iuramentum
653 965 891 1050 contempserit,
918 964 1008 1030 illum
1029 965 1143 1052 procul
1164 965 1263 1031 dubio

139 987 289 1197 despicit,
304 1072 473 1135 perquem
488 1051 614 1132 iuravit,
637 1049 745 1136 illique
759 1050 910 1112 iniuriam
926 1049 1014 1131 facit,
1037 1052 1127 1115 ouius
1142 1051 1264 1114 nomini

140 1155 193 1198 cre
218 1133 279 1197 idit
299 1133 513 1214 adversarius,
536 1135 635 1197 immo
657 1156 721 1198 non
743 1136 807 1196 iam
823 1133 1035 1216 adversarius,
1057 1135 1114 1198 sed
1129 1135 1262 1198 amicus.

139 1217 237 1282 Unde
263 1239 321 1303 per
348 1217 570 1304 supradictum
598 1218 787 1304 prophetam
817 1215 1020 1283 Ezechielem
1047 1217 1262 1303 comprobans

140 1301 539 1384 Dominusiuramentum,
563 1303 649 1388 quod
667 1304 787 1367 fecerat
802 1301 975 1367 Sedechias
997 1304 1065 1388 regi
1087 1301 1263 1387 Babylonis

140 1396 173 1450 et
194 1387 321 1450 irritum
343 1387 472 1468 fecerat,
496 1409 591 1450 suum
613 1388 728 1472 magis,
752 1408 848 1472 quam
864 1385 993 1452 alterius
1007 1387 1121 1450 fuisse:
1145 1369 1403 1468 Marde-³²⁰{l'j¹²'

139 1479 203 1551 tur,
231 1471 344 1556 inquit,
371 1475 409 1536 ia
434 1473 733 1555 praevaricatione,
764 1495 831 1557 qua
861 1472 1009 1555 desperari
1037 1495 1094 1536 mc.
1139 1471 1263 1536 Periuri

140 1556 261 1641 quippe
284 1561 429 1640 ‘regnum
453 1555 517 1618 Dei
539 1577 603 1618 non
625 1555 855 1640 possidebunt,
879 1555 963 1619 sicut
988 1556 1068 1619 dicit
1089 1554 1261 1639 apostolus,
1273 1561 1302 1602 if·
1314 1562 1333 1600 ¹·
1343 1559 1394 1601 0⁰¹·

142 1639 243 1702 immo
266 1661 326 1724 per
346 1639 529 1726 apostolum
551 1640 722 1720 Dominus,
747 1641 801 1724 qui
823 1638 918 1724 plane
940 1639 1034 1703 beato
1057 1640 1153 1704 Petro
1176 1651 1208 1705 et
1229 1643 1262 1704 in
1288 1619 1387 1671 ⁶¹⁹‘¹⁰‘

139 1723 212 1807 ipso
242 1735 372 1789 sanctae
400 1723 555 1788 ecclesiae
585 1723 673 1788 dedit
694 1725 745 1787 ius
765 1723 888 1808 ligandi
910 1734 1007 1808 atque
1030 1723 1183 1805 solvendi,
1207 1725 1262 1788 sed

140 1805 270 1871 vincula
298 1817 516 1893 peccatorum,
546 1827 611 1870 non
640 1817 676 1872 ut
698 1807 836 1872 solveret
858 1817 1058 1871 sacramenta
1080 1808 1264 1872 divinarum

142 1891 385 1976 scripturarum.
430 1891 527 1973 Quod
555 1892 565 1954 i
591 1913 625 1955 sc
647 1893 743 1956 etiam
766 1891 973 1955 confirmasse
993 1889 1111 1976 legitur
1132 1903 1263 1956 sanctus

141 1975 257 2039 Petrus
287 1979 320 2040 in
346 1976 429 2040 libro
459 1975 499 2040 de
523 1913 745 2040 ordinatione¹
768 1975 869 2040 sancti
893 1973 1077 2056 Clementis,
1100 1975 1158 2040 ubi
1180 1997 1263 2040 com-

142 2059 273 2124 mendat
311 2060 391 2125 haec
428 2059 599 2146 diligenter
641 2059 842 2126 observanda
879 2057 1027 2122 omnibus
1064 2057 1262 2124 christianis:

149 2157 327 2210 Veruntamen
345 2160 424 2224 iliad,
444 2146 604 2230 inquiens,
628 2168 673 2224 est,
693 2160 764 2226 qaod
777 2176 847 2226 praa
861 2157 951 2210 ceteris
964 2157 1084 2210 omnibus
1101 2158 1173 2210 vobis
1187 2157 1263 2224 cupio

142 2231 171 2281 ia
195 2247 330 2283 commane
355 2235 466 2298 savari,
492 2243 522 2284 at
547 2233 715 2286 concordiam
740 2231 859 2295 teneatis,
878 2250 930 2298 per
954 2233 1025 2298 qaod
1048 2234 1133 2283 solam
1153 2231 1264 2298 potestis

139 2313 248 2369 portam
273 2305 367 2371 quictis
391 2306 494 2359 intrare
519 2316 543 2358 ct
569 2309 699 2359 civitatem
718 2306 798 2374 Rapis
818 2307 921 2370 summi,
940 2323 1008 2372 quac
1022 2323 1082 2370 poor
1101 2306 1263 2356 nominatur.

144 2376 297 2429 Clementem
318 2387 405 2432 autera
424 2382 494 2432 hanc
515 2379 669 2446 episcopam,
684 2379 757 2432 cotis
770 2378 865 2431 ordino
885 2387 909 2430 et
927 2379 1020 2430 datam
1038 2377 1104 2430 milri
1120 2397 1137 2428 a
1149 2378 1264 2430 Domino

138 2458 296 2516 potestatem
322 2452 426 2520 lipaada'
450 2463 474 2506 ct
493 2453 611 2505 solvendi
631 2453 718 2517 trado,
744 2454 825 2504 atde
845 2453 964 2504 omnibus
984 2469 1156 2518 quaecunque
1175 2453 1263 2503 decre—

143 2525 211 2574 verit
238 2525 267 2574 in
291 2527 367 2577 terris
391 2528 439 2578 hoc
463 2528 596 2578 decretam
621 2525 655 2575 sit
678 2526 707 2576 in
733 2527 821 2577 caelia
859 2523 968 2592 Lipcbr't
987 2526 1056 2576 enim
1074 2525 1145 2591 quod
1164 2531 1264 2591 oportet

144 2596 234 2666 lipari,
254 2605 277 2648 et
295 2600 375 2652 solvet
393 2601 465 2668 quod
484 2600 589 2666 expedit
609 2599 676 2650 solvi
685 2600 705 2662 ²,
725 2607 853 2664 tanquam
870 2597 917 2662 qui
936 2599 972 2648 ad
991 2597 1122 2664 liquidum
1142 2597 1264 2650 ccclesiae

143 2680 262 2746 rapulam
285 2681 414 2736 noverat
464 2667 562 2746 Ecce,
599 2666 727 2764 qualem
760 2675 890 2729 sanctus
922 2666 1036 2728 Petrus
1069 2687 1089 2727 a
1121 2666 1263 2729 Domino

142 2756 333 2832 potestatem
349 2752 475 2837 accepit
496 2749 621 2838 ligandi
642 2760 739 2836 atque
762 2747 917 2829 solvendi,
941 2748 1036 2812 talem
1059 2759 1091 2812 et
1111 2751 1181 2832 ipse
1202 2757 1264 2812 tra-

143 2831 224 2896 didit
253 2833 321 2896 eius
344 2838 532 2918 successori,
555 2833 678 2900 scilicet
707 2835 739 2897 in
766 2832 827 2914 his,
855 2854 939 2932 quae
965 2841 1091 2918 oportet
1117 2831 1210 2916 ligari
1233 2843 1264 2896 et

143 2938 226 3002 quae
248 2919 382 3002 expedit
399 2919 490 2998 solvi,
512 2941 578 2984 non
599 2927 635 2982 ut
650 2917 753 2982 solvat
773 2917 891 3004 aliquis
910 2918 1103 3003 scripturam
1118 2916 1262 2998 Domini,

165 3021 225 3064 uae
246 3023 311 3064 non
332 3014 439 3090 potest
460 3003 525 3068 ulla
545 3004 665 3067 virtute
687 3002 833 3083 convelli,
855 3009 863 3042 ‘
888 3003 1019 3066 uoniam
1045 3003 1173 3064 firmum
1194 3000 1425 3064 fun-animans

142 3021 329 3150 damentum
354 3089 416 3152 Dei
439 3091 519 3170 stat’,
541 3089 625 3152 sicut
645 3085 810 3172 apostolus
833 3024 981 3150 afirmat.
1024 3086 1067 3150 Et
1091 3093 1264 3234 proptetrea

1104 3192 1195 3234 emen
1213 3193 1263 3234 em

140 3169 211 3254 ipse
233 3181 361 3236 sanctus
382 3174 498 3237 Petrus
521 3172 561 3236 de
583 3169 701 3236 talibus
723 3172 883 3236 instruens
908 3172 1039 3236 beatum
1062 3170 1088 3235 O

142 3263 174 3318 et
196 3275 254 3338 per
274 3277 346 3319 eum
367 3279 477 3320 omnes
500 3276 703 3320 successores
726 3277 812 3337 suos,
833 3255 949 3340 repetit
970 3264 1002 3320 et
1024 3253 1116 3320 dicit:
1143 3269 1193 3333 Ta,
1216 3257 1263 3318 in-

141 3338 264 3422 quiens,
292 3355 321 3398 at
349 3347 415 3410 aiat,
444 3363 512 3412 qaae
541 3352 641 3412 oportet
668 3345 772 3413 iiqobis,
798 3351 821 3396 et
846 3361 916 3410 qaae
945 3346 1051 3411 expedit
1074 3346 1166 3396 coloes.
1210 3338 1262 3400 Ex

140 3420 190 3484 his
231 3432 315 3486 certe
354 3423 503 3488 omnibus
541 3420 748 3486 manifestum
784 3431 847 3500 est,
884 3423 1106 3506 supradictum
1142 3441 1262 3507 papam

139 3503 398 3570 Hildeb1·andum
420 3507 536 3605 iniuste
572 3507 693 3592 pariter
729 3514 761 3570 et
791 3504 926 3651 indipne.
955 3506 1148 3606 imposuisse
1178 3507 1262 3608 hanc

139 3597 250 3652 notam
278 3588 330 3653 vel
351 3589 526 3655 Zachariae
553 3588 604 3654 vel
628 3588 803 3676 Stephano,
833 3611 994 3674 rergrosrs
1020 3601 1131 3677 utrque
1158 3603 1262 3740 pontr-

138 3671 256 3737 ficibus
285 3673 450 3739 Romanae
476 3673 642 3756 ecclesiae,
671 3682 708 3738 ut
734 3671 871 3738 alicuius
899 3675 1013 3738 horum
1039 3697 1189 3762 exempo
1211 3676 1262 3741 vel

139 3755 236 3821 ullius
260 3756 378 3822 Sacrae
401 3759 588 3845 Scripturas
610 3759 792 3823 testimonio
814 3767 925 3843 posset
946 3757 1112 3824 absolvere
1137 3783 1157 3824 a
1178 3761 1261 3825 iura-

139 3851 259 3924 mento,
297 3863 338 3906 uo
353 3841 451 3908 fidem
466 3846 650 3908 iuraverant
664 3845 734 3928 regi
750 3863 818 3924 suo,
829 3839 881 3906 vel
895 3843 1059 3930 principes
1076 3843 1129 3908 vel
1143 3843 1260 3909 milites

139 3925 187 3988 rei
215 3863 374 4011 publicae.
421 3927 488 4001 Qut
516 3931 602 3994 enim
630 3927 725 3991 solvit
747 3937 896 4011 pactum,
926 3929 1080 4014 nunquid
1109 3917 1408 4016 effrcpietin}}⁰l,f⁷*

142 4115 169 4175 1)
195 4115 319 4182 Epistula
345 4117 492 4170 Clementis
518 4119 554 4168 ad
580 4117 719 4179 Iacobum,
746 4133 779 4167 ex
806 4117 896 4168 Rufini
923 4120 1143 4185 interpretatione
1170 4135 1193 4170 c.
1217 4119 1258 4170 13.

141 4186 274 4240 Collectio
313 4196 418 4256 patrum
455 4191 663 4259 apostolicorum
703 4189 775 4240 edid.
810 4190 974 4254 Ootclerius,
1012 4192 1147 4258 Antwerp.
1181 4192 1261 4244 1698.

140 4259 170 4382 Ξ)
186 4259 310 4381 2(irraccer
332 4259 408 4334 δήσει
419 4260 470 4335 γὰρ
486 4256 502 4317 δ
520 4262 563 4316 δεῖ
575 4258 699 4332 δεθῆναι,
718 4262 762 4314 καὶ
780 4257 854 4314 λύσει
873 4253 889 4314 ὃ
910 4261 952 4315 δεῖ
970 4261 1094 4333 λυθῆναι.
1159 4267 1187 4330 3)
1207 4264 1225 4317 l.
1237 4281 1260 4317 c.
