3114 4814
297 412 349 462 118
479 410 531 462 DE
550 411 708 462 omme
728 409 933 463 noctuam:
954 409 1231 462 GONSERVANDA.

192 652 274 692 Bu,
299 580 453 662 πειθὼ,
475 600 572 665 811ΡΘΓ
594 578 738 666 qualium
759 580 890 644 miseria
912 580 959 642 sic
973 601 1039 677 ‘per
1061 578 1261 642 Hieremiam
1284 577 1423 663 prophe.

188 665 591 766 „‚„,’tam'conqueritur
610 665 764 729 ecclesia:
786 666 871 750 Epo,
892 664 1051 749 inqmens,
1074 662 1230 726 derelicto
1250 683 1321 725 aem
1338 662 1421 744 cola,

296 772 374 815 coac
395 771 445 812 one
466 748 550 814 stolo
567 750 676 834 pacis,
698 749 799 812 indui
819 771 868 813 roc
891 758 998 811 autem
1017 769 1112 811 succo
1136 747 1369 811 obsecrationis
1390 755 1422 810 et

296 834 443 899 clamabo
459 832 723 898 coaltissimum
745 835 782 897 in
797 832 911 897 diebus
925 833 1014 896 merle.
1036 831 1310 915 Aoimacquiorcs
1324 837 1421 894 estote

287 917 369 1002 filii,
392 918 539 997 clamate,
561 917 677 1002 inquit,
701 917 747 980 ad
768 917 959 996 Dominum,
986 925 1016 980 et
1037 916 1155 999 cripiet
1175 937 1233 979 coa
1256 915 1420 978 deracau

293 1004 409 1088 princi
434 1025 488 1065 um
508 1003 562 1065 ini
583 1023 712 1065 uorum.

380 1024 431 1151 ol
475 1085 527 1149 De
559 1025 610 1148 lis
645 1083 768 1148 scilicet
804 1083 945 1146 inimicis
981 1081 1183 1168 principibus
1217 1103 1292 1146 cum
1324 1078 1419 1166 plura

295 1169 487 1235 haberemus
516 1169 635 1250 dicere,
665 1167 759 1232 nobis
789 1169 940 1232 videntur
968 1167 1048 1231 haec
1069 1187 1175 1251 pauca
1196 1166 1353 1246 sufficere,
1376 1164 1418 1228 de

296 1251 414 1338 quibus
436 1263 469 1317 et
506 1253 656 1338 anticipes
671 1273 783 1317 eorum
798 1259 949 1352 poterunt
970 1251 1132 1334 cognosci,
1156 1271 1236 1336 quos
1258 1259 1290 1315 et
1304 1247 1418 1313 similis

295 1357 385 1402 error
412 1275 549 1402 involvit
576 1348 608 1402 et
637 1337 827 1420 constringrt
880 1356 916 1398 ar
946 1355 1053 1420 poena
1080 1335 1219 1433 peccati.
1264 1333 1420 1418 Superest

295 1430 421 1486 tantum
449 1420 566 1486 referre
593 1419 634 1485 de
655 1419 829 1486 Adelberto
898 1419 1105 1482 ormaciensrs
1136 1417 1290 1483 ecclesiae
1316 1438 1418 1504 quon-

297 1505 373 1569 dam
400 1505 565 1604 episcopo,
592 1505 648 1590 qui
675 1504 845 1568 damnatus
872 1511 922 1568 est
948 1503 1045 1567 etiam
1074 1512 1172 1588 atque
1198 1501 1362 1588 depositum
1384 1501 1419 1564 in

297 1589 483 1674 supradmta
521 1587 782 1672 Moguntiaeensi
814 1587 948 1672 synodo.
999 1586 1065 1650 Hic
1099 1609 1177 1651 vero
1214 1585 1418 1666 Adslbertus,

297 1673 382 1736 sicut
410 1685 526 1758 snpra¹
558 1694 686 1758 quoque
709 1671 860 1754 diximus,
882 1679 996 1756 captus
1018 1680 1068 1735 est
1087 1671 1213 1754 fugiens
1236 1671 1276 1734 de
1319 1667 1419 1733 raelio

299 1755 476 1838 Saxonum,
506 1778 580 1820 cum
608 1765 692 1820 esset
721 1757 755 1819 in
782 1765 874 1841 parte
903 1777 1015 1820 eorum
1037 1763 1150 1820 contra
1171 1777 1280 1841 regem
1337 1753 1419 1817 enri·
1539 1829 1540 1834 γ

298 1839 411 1922 chum3
433 1839 520 1905 unde
542 1850 574 1904 et
589 1839 755 1905 custodiae
776 1839 930 1921 traditur3
953 1838 1011 1904 sed
1032 1850 1106 1925 post
1120 1838 1319 1924 aliquantum
1340 1848 1420 1902 tem·
1539 1865 1540 1902 ἢ

298 1925 398 2008 poris,
425 1923 713 1988 intervenientibus
741 1945 800 2010 pro
829 1947 867 1989 eo
897 1925 939 1988 ad
967 1945 1077 2008 regem
1102 1923 1215 1987 amicis
1237 1925 1314 2003 eius,
1338 1920 1420 1986 solvi

298 2007 437 2090 iubetur,
465 2019 498 2072 et
526 2029 621 2072 omne
648 2007 793 2074 debitum
820 2009 850 2073 ei
876 2009 1058 2089 remittitur,
1091 2006 1178 2093 quod
1207 2007 1422 2071 commisisset

298 2091 351 2158 vel
377 2093 411 2155 in
438 2091 658 2156 coniuratione
688 2092 775 2157 facta
799 2102 911 2156 contra
932 2101 1051 2155 statum
1071 2093 1119 2156 rei
1141 2089 1291 2177 publicae
1312 2089 1364 2154 vel
1385 2089 1420 2153 in

299 2175 429 2241 alterius
450 2177 537 2260 regis
559 2175 725 2241 electione.
768 2176 814 2240 At
834 2175 887 2240 ille
909 2176 1082 2261 persistens
1108 2177 1141 2239 in
1167 2177 1325 2238 sententia
1346 2174 1420 2238 scis·

300 2259 393 2323 matis
416 2260 467 2322 sui
488 2260 575 2324 etin
596 2257 657 2322 hac
678 2281 831 2345 perversa
852 2269 949 2359 atque
964 2259 1118 2322 hactenus
1139 2258 1284 2323 inaudita
1304 2257 1420 2335 heresi,
1539 2291 1540 2294 ¹

324 2363 367 2406 ua
387 2341 552 2428 refugiunt
573 2343 629 2489 plui
650 2351 726 2406 sunt
746 2343 906 2408 eiusmodi
926 2365 1036 2428 regem
1058 2343 1220 2408 hominem
1237 2343 1348 2408 videre
1369 2339 1423 2406 vel

300 2447 321 2489 a
345 2427 430 2512 oqui,
458 2427 552 2512 quasi
603 2447 677 2491 omo
703 2426 789 2491 mala
810 2429 852 2492 sit
878 2438 1025 2492 creatura
1045 2427 1119 2508 Dei,
1144 2449 1210 2491 non
1231 2427 1337 2511 potuit
1356 2424 1423 2490 ulla

300 2511 425 2575 ratione
446 2509 576 2592 inflecti,
596 2519 634 2575 ut
653 2508 750 2576 vellet
770 2513 812 2575 ad
834 2511 1005 2576 ecclesiam
1031 2520 1063 2575 et
1084 2512 1305 2609 episcopatum
1328 2531 1422 2575 suum

301 2596 430 2677 reverti,
444 2595 569 2696 'dicens
598 2616 744 2696 quaeque
773 2597 870 2659 etiam
900 2606 1045 2660 extrema
1066 2617 1156 2679 pr1us
1177 2596 1318 2681 experiri
1341 2592 1424 2695 uelle

162 2677 745 2845 asillttltlttlltlttt}
764 2689 1142 2850 {titillatio
1156 2678 1424 2848 littttltt

303 2849 397 2913 iuxta
424 2847 512 2935 quod
539 2848 619 2912 dicit
640 2847 812 2933 propheta3
835 2857 868 2912 et
887 2848 949 2912 hoc
969 2848 1090 2933 patitur
1111 2868 1176 2911 non
1197 2857 1336 2934 propter
1349 2846 1424 2912 fidei

303 2936 465 3014 meritum,
487 2932 544 2996 sed
566 2941 603 2996 ut
624 2931 729 2996 redire
751 2931 828 2996 velit
849 2932 890 2996 ad
911 2933 1026 2996 unicae
1048 2931 1159 2996 matris
1182 2931 1337 2997 ecclesiae
1354 2953 1426 3017 gre-

304 3017 416 3079 mium.
460 3015 526 3095 Qui
555 3037 630 3079 cum
659 3014 792 3080 honeste
819 3019 961 3114 potuerit
987 3016 1105 3080 reverti
1133 3014 1175 3080 ad
1202 3015 1372 3080 eeclesiam
1394 3025 1427 3081 et

305 3101 530 3186 episcopatum
563 3121 673 3180 suum,
706 3099 852 3183 neglexit
884 3122 957 3164 cum
989 3101 1156 3186 propriam
1188 3100 1325 3166 salutem
1356 3109 1426 3165 tum

304 3204 416 3248 curam
438 3183 548 3246 ovium
570 3181 634 3247 sibi
656 3182 859 3266 creditarum,
881 3194 978 3272 atque
992 3183 1090 3248 elusis
1104 3182 1306 3283 regularibus
1323 3193 1428 3249 custo·

305 3267 378 3350 diis,
400 3267 538 3354 turpiter
565 3267 647 3353 fugit
678 3265 805 3332 rediens
839 3268 882 3333 ad
908 3276 1013 3334 sectas
1048 3277 1081 3332 et
1108 3278 1260 3334 saumata
1286 3270 1428 3356 partium

305 3373 446 3416 suarum.
480 3350 567 3414 Hine
581 3352 784 3435 Augustinus
796 3363 823 3416 ²:
846 3367 956 3420 Fratres
975 3367 1034 3431 met,
1053 3352 1167 3438 inquit,
1187 3366 1211 3419 εἰ
1230 3367 1327 3420 curiae
1345 3366 1428 3420 unica

304 3435 532 3494 seruauerat
559 3459 616 3492 unc
635 3448 680 3504 ert,
706 3442 833 3508 quicquid
856 3442 920 3494 inde
939 3440 1110 3508 praeditur
1134 3441 1194 3509 qaia
1217 3442 1284 3494 tollit
1308 3442 1362 3493 otri
1386 3441 1427 3493 leo

304 3514 349 3566 ille
367 3515 476 3584 cupiam
495 3521 520 3565 et
538 3513 693 3566 circumierat
712 3516 873 3580 paceo-eudo,
893 3531 970 3580 quem
988 3515 1114 3566 deuoret?
1150 3514 1205 3567 Vae
1223 3515 1264 3567 tis
1283 3515 1330 3582 qui
1345 3529 1427 3581 prae-

304 3595 448 3648 cidantur!
464 3613 528 3648 nom
545 3597 604 3661 illo,
622 3582 677 3663 ait,
698 3597 803 3664 iathra
820 3595 994 3662 permanebit.
1037 3583 1090 3646 An
1119 3603 1185 3646 non
1211 3583 1378 3681 praecisus
1406 3601 1429 3646 a

305 3661 463 3728 catholica
494 3672 543 3728 est
574 3664 719 3746 ecelesia,
753 3667 810 3749 qui
842 3685 900 3750 pro
933 3662 1113 3750 aliquarum
1144 3675 1285 3753 partium
1319 3665 1429 3731 studio

305 3747 385 3812 exiit
411 3746 452 3812 ab
479 3745 543 3830 illa,
569 3749 701 3836 propria
730 3769 858 3896 ‹proque
887 3749 1093 3898 episcopatus
1121 3752 1172 3816 sui
1194 3772 1313 3836 sponsa
1335 3771 1430 3838 repu-

304 3830 414 3896 diata?
457 3831 501 3896 Et
529 3834 556 3896 si
584 3831 636 3898 ille
658 3831 742 3897 Adel
767 3844 854 3898 crtus
875 3855 910 3896 re
923 3833 1005 3919 iquit
1026 3836 1305 3901 Wormaciensem
1328 3834 1430 3900 eccle-

305 3915 396 3995 siam,
420 3915 566 4001 nunquid
586 3915 660 3981 ideo
681 3915 808 4002 repellit
830 3917 989 3980 Dominus
1020 3917 1150 4006 plebem
1173 3919 1287 3985 suam?
1330 3919 1431 3984 Dicit

306 3999 390 4066 Sion
415 4038 451 4050 -
476 4001 683 4086 congregatio
710 4002 796 4066 enim
823 4010 1018 4086 sanctorum,
1046 4005 1103 4090 qui
1131 4004 1166 4069 in
1191 4025 1273 4091 pace
1295 4003 1432 4068 Domini

306 4206 330 4260 ι)
347 4211 399 4250 etro
416 4210 436 4250 1.
499 4207 523 4261 b)
540 4212 566 4250 nt
581 4209 642 4255 Galo.

309 4365 338 4435 1)
358 4368 449 4424 c.1o.
506 4369 535 4436 2)
555 4370 700 4435 Augustini
719 4373 809 4438 Opera
828 4371 880 4434 111,
895 4371 921 4435 2,
940 4388 966 4438 p.
987 4370 1050 4422 371.
