3116 4822
310 349 346 400 st
493 346 543 398 DE
562 345 721 398 UNITATE
740 344 945 398 nocuuslsn
966 343 1243 396 CONSERVANDA.

209 542 302 586 rursm.
313 517 553 603 suggestionem
575 515 730 600 peccandi
752 513 907 579 sumendo
929 511 1050 580 abillo.
1081 510 1246 586 Quoniam
1269 512 1311 576 ob
1326 513 1437 594 initio,

312 602 346 664 in
368 602 426 682 uit,
449 598 600 665 diabolus
616 610 744 685 peccat,
768 597 808 664 de
830 596 1023 682 archangelo
1042 593 1164 662 scilicet
1184 619 1299 662 versus
1320 595 1354 660 in
1369 596 1438 660 dia-

311 624 433 767 boium,
454 685 545 750 iuxta
568 683 655 769 quod
675 682 818 782 loquitur
832 681 993 746 Dominus
1014 702 1073 768 per
1094 679 1277 746 Ezecielem
1298 679 1439 766 prophe·

166 760 381 864 ⁸⁸1⁶[hi,²⁸’tam
408 791 516 833 suum:
550 770 609 849 Tu,
636 769 796 854 inquiens,
826 767 942 831 cherub
973 774 1120 831 ostentus
1143 776 1172 830 et
1191 775 1378 852 protepoos,
1409 774 1439 828 et

269 847 275 860 ’
311 855 412 941 posui
434 863 462 917 te
483 855 520 918 io
540 861 645 917 monte
667 862 781 917 sancto
797 852 871 932 Dei,
893 853 931 916 io
946 851 1050 915 medio
1072 849 1225 936 lapidum
1246 851 1438 936 ipoitoruoo,

316 937 491 1004 ambulasti
500 937 667 1036 perfectus
687 938 725 1002 io
739 938 804 1001 oiis
819 937 885 1000 tuis
908 959 929 999 a
945 935 998 1000 die
1012 934 1211 1000 conditionis
1225 945 1312 1015 tuoe,
1336 935 1438 998 donec

314 1026 449 1088 inventa
477 1031 523 1086 cst
550 1022 716 1106 iniquitas
737 1023 774 1085 io
795 1030 834 1084 te.
878 1019 994 1085 Omnis
1016 1027 1124 1084 autem
1137 1020 1203 1118 ‘qui
1223 1019 1301 1083 facit
1321 1017 1439 1103 iniqui-

315 1115 414 1172 tatem
447 1114 479 1171 et
511 1117 683 1192 peccatum
719 1104 815 1184 facit,
854 1104 938 1169 sicut
972 1102 1059 1168 idem
1091 1124 1147 1189 qur
1176 1125 1275 1188 supra
1306 1110 1438 1166 sanctus
1541 1127 1542 1150 1

171 1190 474 1281 r.10s.s,s.10h81111e8
495 1188 660 1275 apostolus
682 1189 742 1253 ait:
764 1190 809 1252 Et
828 1190 929 1269 scitis,
951 1187 1067 1274 inquit,
1097 1191 1252 1273 quonium
1275 1188 1439 1271 apparuit

173 1276 408 1360 1,10s,4,o,fiiins
422 1275 498 1354 Dei,
521 1282 557 1337 ut
572 1272 732 1338 dissolvat
747 1294 850 1358 opera
865 1271 1008 1354 dioboli;
1031 1274 1135 1337 omnis
1157 1282 1265 1337 autern
1287 1273 1437 1356 spiritus,

339 1361 376 1424 ui
403 1357 497 1423 solvit
519 1358 635 1439 lesuin,
661 1379 700 1422 eoo
721 1357 791 1421 Deo
820 1379 889 1420 noo
916 1365 980 1438 cst,·
1008 1365 1036 1420 et
1064 1357 1116 1420 bic
1138 1367 1183 1420 ast
1204 1357 1437 1435 Antichristus,

318 1383 358 1508 de
400 1465 442 1507 uo
466 1441 618 1524 audistis,
641 1443 798 1526 quoniam
819 1442 907 1504 veuit
928 1449 957 1503 et
978 1442 1047 1504 iam
1068 1442 1106 1504 in
1120 1442 1241 1505 muodo
1257 1450 1313 1506 est.
1346 1438 1437 1522 Ergo

317 1465 462 1608 verdum,
491 1525 599 1588 anima
625 1535 657 1590 et
684 1545 758 1588 caro
787 1545 869 1588 unus
897 1533 945 1588 est
971 1521 1118 1589 Christus
1145 1525 1179 1588 in
1208 1545 1273 1588 una
1300 1543 1438 1609 persona

318 1611 383 1674 Dei
411 1617 443 1675 et
470 1608 618 1674 hominis.
662 1607 728 1674 Sed
753 1606 806 1672 ille
832 1606 926 1673 solvit
946 1608 1064 1690 Iesum,
1109 1609 1143 1671 ui
1163 1607 1216 1673 vel
1237 1609 1439 1673 divinitatem

320 1696 389 1760 eius
410 1691 463 1758 vel
489 1693 630 1758 animam
656 1691 708 1758 vel
730 1702 880 1757 carnem³
906 1701 1014 1778 negat.
1059 1629 1161 1757 deit
1189 1701 1221 1758 et
1246 1690 1299 1756 ille
1320 1693 1439 1772 Iesum,

320 1780 376 1878 qui
397 1775 548 1841 mandata
568 1786 600 1842 et
619 1777 720 1842 verba
737 1778 812 1842 Iesu
832 1775 885 1842 vel
928 1799 1055 1842 erverse
1076 1775 1215 1842 vivendo
1236 1775 1289 1842 vel
1310 1797 1438 1863 perver-

320 1885 387 1928 srus
408 1860 646 1962 interpretando
669 1862 855 1947 corrumpit.
900 1799 966 1926 §ed
992 1870 1024 1927 et
1049 1859 1102 1926 ille
1124 1861 1219 1926 solvit
1239 1862 1358 1942 Iesum,
1381 1860 1438 1947 qui

320 1946 439 2012 scindit
452 1955 607 2011 unitatem
629 1944 792 2012 ecclesiae.
828 1945 921 2010 Unus
942 1945 1029 2010 enim
1050 1944 1146 2010 homo
1162 1944 1319 2026 Christus,
1342 1952 1440 2031 caput

320 2041 353 2098 ct
381 2053 512 2117 corpus;
540 2051 616 2094 nam
646 2052 762 2116 corpus
793 2030 862 2094 eius
889 2038 938 2094 est
966 2029 1104 2095 ecclesia
1136 2031 1214 2098 eius.
1262 2031 1367 2116 Igitur
1396 2051 1438 2094 ex

320 2116 392 2181 Deo
424 2137 490 2179 non
521 2124 605 2197 sunt,
637 2115 693 2199 qui
718 2113 782 2178 Dei
814 2134 913 2198 opera
945 2111 996 2178 vel
1027 2115 1128 2179 verba
1159 2113 1212 2179 vel
1238 2123 1440 2178 sacramenta

175 2199 524 2282 r.1on.s,s.rescindunt;
546 2219 635 2262 nam:
657 2197 763 2263 ,bilius
777 2198 853 2278 Dei,
875 2197 1012 2262 verbum
1029 2198 1103 2280 Dei,
1124 2201 1162 2263 io
1184 2200 1243 2264 boc
1267 2200 1439 2284 opposuit,

319 2293 355 2348 ut
383 2282 488 2348 solvat
514 2305 615 2381 opera
646 2281 791 2363 diaboli,·
818 2289 850 2346 et
871 2290 907 2346 ut
927 2282 1028 2368 ipsius
1051 2281 1170 2348 diaboli
1196 2303 1294 2368 opera
1315 2280 1442 2346 solvant

320 2367 503 2432 sacerdotes
530 2388 565 2430 1n
591 2365 689 2432 verbo
711 2365 785 2448 Dei,
813 2366 848 2430 in
869 2367 986 2431 virtute
1009 2366 1082 2450 Dei,
1105 2369 1263 2432 concessit
1285 2365 1440 2449 Christus,

320 2450 404 2515 filius
427 2451 500 2516 Dei.
545 2448 610 2515 sed
631 2448 824 2516 Hildebrant
869 2473 932 2537 apa
954 2451 1000 2514 sic
1031 2451 1159 2538 scripsit
1187 2461 1219 2517 et
1248 2452 1295 2516 sic
1338 2451 1439 2516 raedi·
1540 2479 1541 2504 r

321 2536 444 2601 savio:
469 2532 622 2618 Quidam,
644 2535 802 2620 inquiens,
858 2557 995 2600 omanus
1005 2535 1161 2622 pontifex
1175 2559 1281 2622 rapam
1342 2558 1438 2600 uoco·
1540 2535 1541 2598 r

322 2643 396 2684 rum
423 2642 490 2685 oon
519 2628 587 2684 tom
611 2642 676 2705 pro
706 2621 775 2683 suis
801 2620 1042 2767 iniguitotibus,
1071 2644 1169 2706 quom
1193 2643 1259 2705 pro
1289 2642 1324 2684 ao
1353 2619 1440 2706 quod

322 2714 434 2770 tantos
481 2705 606 2768 otcstati
629 2726 695 2769 oon
718 2713 790 2768 crat
810 2706 912 2784 otiis,
936 2727 957 2768 o
971 2727 1072 2791 reposo
1096 2706 1256 2789 deposuit,
1278 2714 1307 2768 et
1321 2705 1437 2790 Pippi-

322 2813 412 2871 nuon,
437 2727 548 2855 cirrati
570 2789 629 2852 Mo
653 2789 691 2852 ni
716 2789 927 2872 imperatoris
951 2799 1092 2872 putrem,
1118 2791 1156 2852 in
1183 2790 1254 2852 eius
1276 2787 1345 2854 loco
1366 2787 1439 2851 sub-

324 2875 438 2953 stituit,
473 2894 581 2937 omnes
605 2812 836 2958 Fiuncipenos
868 2894 890 2934 a
914 2873 1098 2938 iuramento
1123 2873 1309 2955 fidelitatis,
1342 2893 1441 2958 quom

323 2957 376 3022 ilii
387 2957 553 3041 fecerunt,
577 2955 722 3020 obsolvit.

244 3053 314 3112 (ΠΙ)
411 3041 459 3104 15.
503 3039 587 3103 Mira
608 3037 737 3124 quidem
758 3038 907 3104 videntur
927 3038 1021 3104 nobis
1044 3061 1127 3126 quae
1148 3040 1298 3105 astruit²:
1328 3049 1364 3106 ut
1385 3040 1444 3104 sci·
1540 3091 1541 3102 ,

325 3122 401 3188 licet
420 3120 588 3208 religiosus
609 3121 726 3208 aliquis
746 3122 911 3187 Romanus
939 3123 1085 3209 pontifex
1106 3133 1341 3190 sacramentum
1368 3123 1444 3188 fidei
1540 3111 1541 3148 ³

325 3209 360 3271 in
379 3205 486 3293 aliquo
508 3204 674 3272 absolvere
696 3207 908 3292 temptaverit,
931 3208 1007 3294 quia
1028 3207 1109 3273 fides
1130 3208 1194 3273 Dei
1215 3209 1319 3295 magis
1346 3229 1444 3294 quam
1539 3219 1540 3222 ’

326 3290 461 3356 alicuius
488 3291 684 3373 aestimatur,
711 3312 793 3377 quae
814 3290 911 3355 alicui
932 3292 967 3356 in
989 3291 1058 3357 eius
1079 3293 1208 3356 nomine
1230 3292 1325 3358 datur
1345 3302 1444 3378 atque

326 3375 531 3463 promittitur,
553 3397 635 3462 quae
656 3383 688 3439 et
708 3375 750 3440 ad
771 3376 1007 3441 invocationem
1030 3385 1212 3441 sanctorum
1230 3377 1295 3443 Dei
1316 3375 1445 3441 robora·

326 3471 387 3544 tur,
415 3471 450 3526 ut
478 3461 489 3523 i
514 3460 542 3524 si
568 3481 696 3547 quoque
722 3460 787 3524 sint
813 3468 910 3525 testes
938 3461 1007 3526 sive
1032 3460 1156 3526 iudices
1177 3471 1292 3546 pactae
1312 3460 1390 3526 fidei
1410 3461 1445 3524 in

327 3545 455 3610 nominc
511 3544 620 3612 omini.
684 3543 790 3608 uando
812 3553 919 3609 autem
940 3565 961 3608 a
982 3544 1046 3610 fide
1066 3544 1184 3632 aliquis
1206 3545 1328 3610 solutus
1349 3545 1445 3609 fuerit
1539 3539 1540 3606 ³

328 3636 360 3694 et
379 3627 478 3693 fidem
498 3649 564 3693 non
584 3627 742 3710 habuerit,
768 3629 942 3715 praecipue
967 3651 1048 3712 eam,
1076 3650 1173 3716 quam
1194 3631 1370 3694 iuramento
1392 3627 1445 3690 fir·
1539 3643 1540 3646 ’

328 3713 473 3793 moverit,
511 3711 602 3777 rocul
616 3710 714 3777 dubio
729 3712 870 3776 mendax
884 3723 941 3796 est,
961 3714 1094 3801 insuper
1112 3725 1145 3780 et
1158 3716 1317 3800 periurus,
1339 3710 1444 3798 qualis

171 3816 466 3883 nonanus-epona
521 3798 552 3862 ai
573 3819 640 3861 ooo
653 3797 849 3896 possidebit,
871 3797 956 3862 siout
976 3798 1138 3884 apostolus
1160 3799 1213 3869 ait.
1251 3797 1340 3882 Ergo
1361 3794 1445 3862 fides

330 3881 358 3946 si
377 3877 573 3963 titubaverit,
596 3888 712 3945 caritas
734 3881 830 3945 ctiam
844 3881 916 3967 ipsa
935 3881 1121 3982 languescit,
1145 3885 1228 3948 siout
1241 3881 1446 3968 Augustinus

329 3967 363 4030 in
389 3962 472 4030 libro
503 3961 543 4029 ds
570 3962 717 4030 doctrina
745 3964 919 4031 christiana
944 3967 1089 4033 scrrbit⁸2
1130 3983 1204 4035 Dum
1219 3983 1299 4050 fider,
1330 3967 1446 4052 inquit,

331 4061 434 4128 titubat,
463 4061 616 4116 divinorum
644 4061 839 4131 scripturorum
867 4067 1011 4119 uacuatos
1038 4066 1154 4120 vacillat.
1211 4051 1304 4138 Opus
1337 4061 1446 4116 autem

332 4193 355 4248 a)
371 4195 403 4237 tto
418 4197 541 4249 emdash
557 4197 675 4240 caritatem
692 4200 712 4239 1.

334 4307 362 4376 1)
387 4310 430 4364 cf.
449 4326 472 4363 c.
493 4311 519 4364 2.
606 4309 636 4378 2)
661 4311 703 4364 Cf.
727 4330 751 4364 o.
771 4313 796 4366 2.
881 4312 911 4381 3)
936 4315 1080 4379 Augustini
1098 4314 1187 4382 Opera
1205 4316 1259 4377 III,
1280 4316 1304 4380 1,
1324 4332 1350 4383 p.
1373 4314 1450 4366 180.
