3098 4818
413 355 535 409 BRUNO
554 357 605 408 DE
624 356 745 410 BELLO
765 356 960 410 SAXONICO.
1213 359 1252 410 83

125 527 294 612 promisit.
329 522 480 598 Quarum
501 524 684 589 litterarum
705 524 825 589 latores
846 548 919 589 cum
941 527 1182 610 appropiarent
1205 526 1328 591 adsors.

132 632 222 691 eum,
253 631 274 671 a
296 610 367 672 suis
377 607 575 694 fautoribus
597 609 703 694 capti,
733 609 871 694 quidam
895 611 932 672 in
954 611 1135 678 custodiam
1156 611 1251 674 missi

132 703 210 758 sunt
231 693 342 777 quoad
362 714 463 778 usque
484 694 627 778 pecunia
648 693 891 776 redimerentur,
915 693 976 758 alii
995 716 1069 759 vero
1091 696 1252 760 evcorioti

134 801 173 842 ac
208 776 401 862 decapillati
434 786 520 842 sunt.
574 775 669 852 Quod
697 799 770 841 cum
796 778 842 841 ad
873 786 999 842 nostros
1028 780 1252 843 renuntiatum

122 861 266 946 fuisset,
295 863 412 925 iterum
441 883 504 946 per
532 861 634 926 alium
666 862 819 925 nuntium
847 860 1040 946 leqationem
1069 873 1097 926 et
1124 862 1251 926 litteras

135 945 334 1031 apostolicas
371 948 640 1027 transmiserunt,·
682 968 704 1009 a
738 967 800 1030 quo
836 947 907 1030 ipse
942 946 1041 1011 verba
1078 945 1253 1031 leqationis

134 1031 276 1096 audiens
302 1029 407 1094 nichil
433 1031 619 1114 respondit,
652 1028 777 1092 litteras
804 1051 878 1094 vero
900 1039 1075 1114 porrectas
1104 1032 1253 1130 coepere

132 1116 307 1179 recusavit.
350 1114 482 1177 Huius³
510 1116 559 1178 rei
588 1121 677 1177 testes
705 1122 782 1176 sunt
808 1113 901 1178 multi
922 1115 1045 1190 idonei,
1067 1137 1253 1199 praecipue

134 1208 242 1262 autem
271 1197 358 1262 sedis
386 1196 582 1282 apostolicae
608 1197 735 1284 leqatus
764 1198 903 1262 domnus
929 1198 1151 1263 Bernbardus
1178 1222 1251 1263 car·

134 1282 271 1362 dioclis,
294 1283 352 1428 qui
366 1282 402 1344 ob
418 1283 454 1346 id
476 1282 640 1367 repetitam
661 1283 698 1345 in
713 1279 790 1345 illas
806 1291 922 1366 partes
942 1285 1156 1347 transmissus
1171 1293 1253 1347 erat.

137 1365 204 1442 Qui
218 1388 291 1430 cum
318 1367 498 1451 spationem
521 1389 615 1430 suam
629 1367 666 1428 in
687 1366 819 1430 irritum
829 1367 1008 1451 procedere
1022 1369 1251 1452 conspersisset,

133 1451 282 1551 quamvis
319 1459 440 1513 certum
461 1451 601 1534 fuisset,
631 1450 839 1533 praedictam
871 1452 979 1514 virum
999 1472 1066 1536 pro
1096 1451 1254 1515 adiuncto

132 1534 373 1599 inobedientiae
403 1535 558 1619 periurio
590 1535 719 1618 prioris
747 1533 966 1598 anathematis
997 1533 1128 1600 vinculo
1155 1537 1250 1598 inno-

132 1620 256 1701 datum,
280 1619 319 1683 de
355 1640 397 1682 uo
411 1620 479 1682 iam
496 1618 541 1681 ad
562 1627 688 1702 tempus
703 1618 975 1682 condicionaliter
990 1618 1155 1682 absolutus
1166 1617 1254 1702 fuit,

132 1712 240 1767 tamen
263 1641 354 1788 quorl
371 1701 435 1766 sibi
458 1702 498 1766 ab
522 1700 703 1785 apostolica
725 1702 797 1766 sede
819 1703 1002 1766 iniunctum
1024 1712 1069 1767 est
1089 1703 1250 1786 superim-

127 1788 253 1870 posuit.
289 1786 438 1850 Iussione
459 1787 564 1871 iqitur
586 1783 766 1868 apostoliea
781 1788 878 1870 reqni
899 1786 1124 1870 qubernaoula
1145 1788 1254 1852 denuo

134 1873 165 1934 ei
179 1869 447 1950 contradicendo,
470 1893 492 1933 a
514 1891 648 1954 corpore
671 1877 699 1932 et
720 1871 884 1953 sanquine
907 1869 1032 1933 domini
1053 1873 1158 1934 nostri
1177 1870 1252 1934 Iesu

136 1953 259 2020 Cbristi
279 1963 309 2016 et
331 1975 352 2015 a
374 1952 544 2018 liminibus
566 1961 700 2016 sanctae
715 1951 865 2018 eeclesiae
880 1955 1049 2038 separavit
1067 1963 1134 2017 tam
1148 1953 1254 2030 illum,

155 2061 232 2103 uam
263 2060 370 2102 omnes
397 2037 460 2102 sibi
489 2039 735 2117 consentientes,
768 2047 797 2102 et
821 2039 930 2101 virum
959 2037 1062 2101 alium
1090 2039 1128 2102 in
1156 2039 1252 2123 reqia

134 2062 294 2208 biqnitvte
316 2120 521 2204 confirmavit
543 2121 724 2206 apostolica
746 2123 964 2186 auctoritate.¹
1005 2118 1096 2195 Quae
1118 2130 1255 2186 sanctae

132 2207 304 2272 Romanae
338 2207 491 2270 ecclesiae
525 2207 632 2270 edicta
661 2208 745 2270 sicud
778 2205 849 2271 alia
878 2205 981 2270 multa
1013 2215 1251 2290 contempnens,

133 2314 270 2378 requam
292 2291 354 2354 sibi
375 2293 442 2354 iam
464 2291 603 2355 seeundo
625 2290 833 2355 interdictum
854 2291 1027 2370 invadens,
1048 2291 1254 2376 usqueadeo

134 2374 301 2442 demolitas
331 2383 375 2437 est
402 2375 616 2460 dissipando,
645 2384 681 2438 ut
705 2375 774 2438 iam
794 2397 931 2460 requam
953 2375 1022 2440 clici
1047 2398 1112 2439 non
1134 2372 1252 2456 voleat,

133 2461 189 2524 cui
216 2458 310 2522 nulla
332 2481 441 2542 paene
467 2458 598 2544 repotia
627 2467 812 2543 supersunt.
859 2457 938 2523 &em
965 2468 1071 2523 antem
1102 2460 1148 2523 ad
1176 2481 1250 2523 con-

134 2543 296 2607 ciliandos
316 2542 379 2606 sibi
391 2541 548 2626 fautores
569 2545 665 2628 requi
674 2542 858 2626 facultates
881 2543 945 2606 sibi
965 2565 1032 2606 non
1054 2542 1254 2626 sufficerent,

133 2649 267 2690 manum
295 2629 333 2690 in
363 2636 480 2689 saneta
509 2635 696 2690 sanctorum
729 2625 918 2707 ostendeus,
950 2626 1159 2690 ecclesiaram
1186 2627 1253 2690 Dei

128 2710 266 2794 publicu
282 2711 436 2774 sinuasor
453 2709 581 2796 effeetus
596 2719 651 2790 est,
673 2732 740 2774 non
761 2731 796 2773 eo
820 2710 949 2794 quidem
970 2709 1074 2790 modo,
1097 2733 1159 2794 quo
1180 2712 1250 2774 iam

135 2795 176 2858 ab
192 2793 356 2880 aliquibus
369 2797 524 2880 tyrannis
534 2816 692 2878 praesum
717 2804 784 2858 tum
798 2815 864 2859 esse
879 2795 1097 2878 coqnovimus.
1127 2794 1251 2858 Incom-

130 2879 301 2964 parabiles
323 2880 408 2942 enim
430 2887 458 2942 et
480 2880 551 2942 sine
572 2817 715 2964 evemplb
732 2878 1041 2963 praevaricationes
1061 2879 1142 2942 istae
1162 2888 1249 2942 sunt.

134 2963 222 3028 Nam
245 2987 310 3028 non
333 2962 490 3048 quaelibet
506 2963 654 3047 praedia
676 2971 734 3025 aut
758 2963 904 3026 modicas
927 2961 1058 3048 aliquas
1068 2961 1251 3046 facultates

134 3047 352 3130 eeclesiarum,
368 3048 424 3112 sed
438 3048 644 3132 episcopatus
660 3046 885 3133 quamplures
900 3045 1075 3134 aufnpatis
1089 3048 1251 3132 episcopis

134 3131 197 3197 sibi
223 3133 412 3216 usurpavit,
445 3141 474 3194 et
503 3131 661 3216 quiequid
690 3132 734 3196 ad
760 3132 896 3196 servitia
925 3130 974 3194 vel
1002 3132 1251 3196 sustentationes

134 3217 362 3299 episcoporum
381 3217 551 3299 pertinuit,
572 3223 672 3279 totum
693 3219 763 3281 sais
784 3237 979 3300 suorumque
993 3215 1106 3280 usibus
1125 3214 1250 3278 manci-

130 3300 237 3384 pavit.
269 3299 334 3364 Pro
358 3323 425 3385 qua
446 3321 482 3363 re
502 3301 663 3384 episeopis
680 3297 976 3383 proclamantibus,
998 3299 1135 3362 domnus
1151 3319 1252 3383 papa

134 3385 347 3470 querimoniis
368 3406 478 3448 eorum
500 3383 719 3467 satisfaciens,
741 3407 807 3469 pro
829 3405 892 3446 sua
908 3384 1033 3466 pietate
1056 3385 1093 3447 in
1115 3382 1253 3468 spnodo,

134 3489 217 3553 quae
242 3467 293 3530 17.
315 3466 392 3530 Kal.
414 3467 576 3532 Decemb.²
598 3467 712 3531 babitu
735 3477 797 3548 est,
823 3467 1113 3531 eucommunicavit
1133 3487 1253 3548 omnes,

136 3554 193 3637 qui
223 3551 309 3616 bona
342 3575 452 3616 eorum
484 3553 689 3616 invaserunt.
741 3549 836 3624 Quod
873 3573 945 3616 cum
975 3550 1146 3634 praedicto
1178 3550 1251 3615 viro

135 3636 300 3721 coquitum
324 3635 465 3720 fuisset,
507 3657 598 3736 quem
629 3635 771 3700 eiusdem
808 3636 995 3700 invasionis
1028 3643 1191 3698 auctorem
1223 3643 1254 3696 et

131 3721 331 3805 participem
352 3743 418 3784 esse
439 3721 612 3785 certissime
635 3728 774 3800 constat,
800 3742 858 3784 nec
880 3721 951 3803 ipse
968 3727 1108 3802 propter
1128 3719 1187 3783 boc
1210 3717 1251 3782 ab

134 3805 306 3868 invasione
321 3806 468 3885 cessavit,
490 3826 547 3868 nee
568 3805 694 3889 eosqui
715 3826 787 3867 una
809 3827 878 3868 eum
893 3805 966 3886 ipso
981 3803 1255 3868 eucommunicoti

134 3897 220 3970 sunt,
244 3911 269 3956 a¹
287 3909 351 3953 sua
372 3891 594 3954 communione
615 3885 664 3953 vel
685 3888 728 3952 ad
749 3887 864 3952 loram
886 3885 1017 3972 repulit.
1050 3885 1253 3952 Audivimus

136 3981 251 4053 auum,
267 3974 355 4058 quod
369 3975 424 4036 sui
438 3972 623 4058 defensores
638 3973 689 4036 leis
704 3973 917 4055 querimoniis
932 3971 1012 4036 tales
1026 3971 1255 4035 accusationes

135 4055 324 4138 obtendant,
357 4058 443 4144 quod
475 4058 490 4122 i
513 4078 546 4120 se
581 4056 620 4121 de
649 4056 742 4120 bonis
772 4055 981 4120 ecelesiarum
1013 4055 1097 4119 nulli
1124 4052 1254 4141 aliquid

129 4143 329 4224 praestiterit
353 4165 456 4228 neque
478 4080 517 4206 li
538 4163 642 4205 mana
663 4141 734 4206 eius
757 4141 932 4227 acceperit,
959 4138 1008 4204 vel
1036 4137 1159 4224 aliquis
1178 4139 1254 4223 ipso

135 4262 158 4316 ι)
176 4264 245 4308 cutus
262 4267 283 4307 2.

137 4359 166 4426 1)
185 4359 213 4413 d.
235 4362 278 4413 12.
299 4361 367 4415 Nou.
386 4380 414 4414 a.
437 4364 516 4413 107⁷.
591 4363 621 4431 2)
641 4362 715 4415 Anni
735 4362 814 4414 10⁷8.

975 4446 1021 4510 6*
