<?xml version="1.0" encoding="UTF-8"?>
<!DOCTYPE html PUBLIC "-//W3C//DTD XHTML 1.0 Transitional//EN"
    "http://www.w3.org/TR/xhtml1/DTD/xhtml1-transitional.dtd">
<html xmlns="http://www.w3.org/1999/xhtml" xml:lang="en" lang="en">
 <head>
  <title>
</title>
<meta http-equiv="Content-Type" content="text/html;charset=utf-8" />
  <meta name='ocr-system' content='tesseract 3.04.00' />
  <meta name='ocr-capabilities' content='ocr_page ocr_carea ocr_par ocr_line ocrx_word'/>
</head>
<body>
  <div class='ocr_page' id='page_1' title='image "./waltramiutvidet01schwgoog_0266.png"; bbox 0 0 3098 4818; ppageno 0'>
   <div class='ocr_carea' id='block_1_1' title="bbox 298 325 1133 376">
    <p class='ocr_par' dir='ltr' id='par_1_1' title="bbox 298 325 1133 376">
     <span class='ocr_line' id='line_1_1' title="bbox 298 325 1133 376; baseline -0.002 0"><span class='ocrx_word' id='word_1_1' title='bbox 298 329 333 376; x_wconf 82' lang='lat'><strong><em>84</em></strong></span> <span class='ocrx_word' id='word_1_2' title='bbox 598 325 718 376; x_wconf 85' lang='lat' dir='ltr'>BRUNO</span> <span class='ocrx_word' id='word_1_3' title='bbox 737 325 786 375; x_wconf 86' lang='lat' dir='ltr'><strong><em>DE</em></strong></span> <span class='ocrx_word' id='word_1_4' title='bbox 806 326 924 376; x_wconf 85' lang='lat' dir='ltr'>BELLO</span> <span class='ocrx_word' id='word_1_5' title='bbox 945 325 1133 376; x_wconf 83' lang='lat' dir='ltr'>SAXONIOO.</span> 
     </span>
    </p>
   </div>
   <div class='ocr_carea' id='block_1_2' title="bbox 191 491 1425 4193">
    <p class='ocr_par' dir='ltr' id='par_1_2' title="bbox 191 491 1425 4193">
     <span class='ocr_line' id='line_1_2' title="bbox 221 491 1425 573; baseline -0.004 -14"><span class='ocrx_word' id='word_1_6' title='bbox 221 493 423 559; x_wconf 72' lang='lat' dir='ltr'><strong><em>1⁰⁷⁹·vubente</em></strong></span> <span class='ocrx_word' id='word_1_7' title='bbox 443 495 612 558; x_wconf 71' lang='lat' dir='ltr'><strong><em>invaserit.</em></strong></span> <span class='ocrx_word' id='word_1_8' title='bbox 659 491 754 567; x_wconf 84' lang='lat' dir='ltr'><strong><em>Quod</em></strong></span> <span class='ocrx_word' id='word_1_9' title='bbox 775 517 832 558; x_wconf 87' lang='lat' dir='ltr'><strong><em>nec</em></strong></span> <span class='ocrx_word' id='word_1_10' title='bbox 855 517 916 558; x_wconf 94' lang='lat' dir='ltr'><strong><em>nos</em></strong></span> <span class='ocrx_word' id='word_1_11' title='bbox 942 493 995 558; x_wconf 90' lang='lat' dir='ltr'><strong><em>illi</em></strong></span> <span class='ocrx_word' id='word_1_12' title='bbox 1017 495 1193 573; x_wconf 77' lang='lat' dir='ltr'><strong><em>obicimus,⁸</em></strong></span> <span class='ocrx_word' id='word_1_13' title='bbox 1221 491 1333 555; x_wconf 85' lang='lat' dir='ltr'><strong><em>sedin</em></strong></span> <span class='ocrx_word' id='word_1_14' title='bbox 1357 491 1425 554; x_wconf 81' lang='lat' dir='ltr'><strong><em>boc</em></strong></span> 
     </span>
     <span class='ocr_line' id='line_1_3' title="bbox 295 577 1422 664; baseline -0.004 -22"><span class='ocrx_word' id='word_1_15' title='bbox 295 579 388 643; x_wconf 90' lang='lat' dir='ltr'><strong><em>illum</em></strong></span> <span class='ocrx_word' id='word_1_16' title='bbox 421 601 630 659; x_wconf 88' lang='lat' dir='ltr'><strong><em>accusamus,</em></strong></span> <span class='ocrx_word' id='word_1_17' title='bbox 663 579 749 664; x_wconf 88' lang='lat' dir='ltr'><strong><em>quod</em></strong></span> <span class='ocrx_word' id='word_1_18' title='bbox 776 588 804 642; x_wconf 91' lang='lat' dir='ltr'><strong><em>et</em></strong></span> <span class='ocrx_word' id='word_1_19' title='bbox 838 579 1025 664; x_wconf 85' lang='lat' dir='ltr'><strong><em>approbare</em></strong></span> <span class='ocrx_word' id='word_1_20' title='bbox 1049 577 1263 664; x_wconf 71' lang='lat' dir='ltr'><strong><em>paratissimi</em></strong></span> <span class='ocrx_word' id='word_1_21' title='bbox 1291 597 1422 656; x_wconf 86' lang='lat' dir='ltr'><strong><em>sumus,</em></strong></span> 
     </span>
     <span class='ocr_line' id='line_1_4' title="bbox 296 660 1421 749; baseline -0.004 -22"><span class='ocrx_word' id='word_1_22' title='bbox 296 663 418 749; x_wconf 80' lang='lat' dir='ltr'><strong><em>quippe</em></strong></span> <span class='ocrx_word' id='word_1_23' title='bbox 445 662 531 748; x_wconf 90' lang='lat' dir='ltr'><strong><em>quod</em></strong></span> <span class='ocrx_word' id='word_1_24' title='bbox 558 664 612 726; x_wconf 90' lang='lat' dir='ltr'><strong><em>sui</em></strong></span> <span class='ocrx_word' id='word_1_25' title='bbox 638 685 702 726; x_wconf 91' lang='lat' dir='ltr'><strong><em>sua</em></strong></span> <span class='ocrx_word' id='word_1_26' title='bbox 727 665 942 746; x_wconf 75' lang='lat' dir='ltr'><strong><em>permissione</em></strong></span> <span class='ocrx_word' id='word_1_27' title='bbox 963 663 1048 726; x_wconf 84' lang='lat' dir='ltr'><strong><em>bona</em></strong></span> <span class='ocrx_word' id='word_1_28' title='bbox 1069 660 1290 727; x_wconf 89' lang='lat' dir='ltr'><strong><em>ecclesiastica</em></strong></span> <span class='ocrx_word' id='word_1_29' title='bbox 1317 660 1421 722; x_wconf 90' lang='lat' dir='ltr'><strong><em>inva-</em></strong></span> 
     </span>
     <span class='ocr_line' id='line_1_5' title="bbox 296 742 1421 831; baseline -0.004 -21"><span class='ocrx_word' id='word_1_30' title='bbox 296 756 418 824; x_wconf 89' lang='lat' dir='ltr'><strong><em>serunt,</em></strong></span> <span class='ocrx_word' id='word_1_31' title='bbox 435 745 551 831; x_wconf 90' lang='lat' dir='ltr'><strong><em>quibus</em></strong></span> <span class='ocrx_word' id='word_1_32' title='bbox 562 748 633 831; x_wconf 88' lang='lat' dir='ltr'><strong><em>ipse</em></strong></span> <span class='ocrx_word' id='word_1_33' title='bbox 648 745 843 831; x_wconf 81' lang='lat' dir='ltr'><strong><em>roqantibus</em></strong></span> <span class='ocrx_word' id='word_1_34' title='bbox 858 748 916 810; x_wconf 84' lang='lat' dir='ltr'><strong><em>boe</em></strong></span> <span class='ocrx_word' id='word_1_35' title='bbox 928 749 1093 826; x_wconf 89' lang='lat' dir='ltr'><strong><em>concessit,</em></strong></span> <span class='ocrx_word' id='word_1_36' title='bbox 1108 745 1259 810; x_wconf 89' lang='lat' dir='ltr'><strong><em>dividens</em></strong></span> <span class='ocrx_word' id='word_1_37' title='bbox 1270 742 1421 828; x_wconf 82' lang='lat' dir='ltr'><strong><em>sinqulis</em></strong></span> 
     </span>
     <span class='ocr_line' id='line_1_6' title="bbox 291 828 1422 916; baseline -0.002 -24"><span class='ocrx_word' id='word_1_38' title='bbox 291 840 394 916; x_wconf 91' lang='lat' dir='ltr'><strong><em>prout</em></strong></span> <span class='ocrx_word' id='word_1_39' title='bbox 419 830 536 911; x_wconf 90' lang='lat' dir='ltr'><strong><em>voluit,·</em></strong></span> <span class='ocrx_word' id='word_1_40' title='bbox 569 840 598 893; x_wconf 89' lang='lat' dir='ltr'><strong><em>et</em></strong></span> <span class='ocrx_word' id='word_1_41' title='bbox 627 830 689 893; x_wconf 84' lang='lat' dir='ltr'><strong><em>bac</em></strong></span> <span class='ocrx_word' id='word_1_42' title='bbox 718 831 860 894; x_wconf 90' lang='lat' dir='ltr'><strong><em>mercede</em></strong></span> <span class='ocrx_word' id='word_1_43' title='bbox 882 831 1035 894; x_wconf 90' lang='lat' dir='ltr'><strong><em>conducti</em></strong></span> <span class='ocrx_word' id='word_1_44' title='bbox 1064 839 1154 910; x_wconf 88' lang='lat' dir='ltr'><strong><em>sunt,</em></strong></span> <span class='ocrx_word' id='word_1_45' title='bbox 1185 837 1220 892; x_wconf 88' lang='lat' dir='ltr'><strong><em>ut</em></strong></span> <span class='ocrx_word' id='word_1_46' title='bbox 1241 828 1422 913; x_wconf 88' lang='lat' dir='ltr'><strong><em>iniquitati</em></strong></span> 
     </span>
     <span class='ocr_line' id='line_1_7' title="bbox 296 909 1417 1000; baseline -0.004 -22"><span class='ocrx_word' id='word_1_47' title='bbox 296 939 376 980; x_wconf 88' lang='lat' dir='ltr'><strong><em>suae</em></strong></span> <span class='ocrx_word' id='word_1_48' title='bbox 404 916 490 978; x_wconf 89' lang='lat' dir='ltr'><strong><em>vires</em></strong></span> <span class='ocrx_word' id='word_1_49' title='bbox 517 915 806 978; x_wconf 87' lang='lat' dir='ltr'><strong><em>amministrarent.</em></strong></span> <span class='ocrx_word' id='word_1_50' title='bbox 858 911 1078 1000; x_wconf 77' lang='lat' dir='ltr'><strong><em>Quaecunque</em></strong></span> <span class='ocrx_word' id='word_1_51' title='bbox 1106 922 1213 977; x_wconf 92' lang='lat' dir='ltr'><strong><em>autem</em></strong></span> <span class='ocrx_word' id='word_1_52' title='bbox 1240 913 1278 976; x_wconf 92' lang='lat' dir='ltr'><strong><em>de</em></strong></span> <span class='ocrx_word' id='word_1_53' title='bbox 1297 909 1417 994; x_wconf 85' lang='lat' dir='ltr'><strong><em>facul-</em></strong></span> 
     </span>
     <span class='ocr_line' id='line_1_8' title="bbox 295 997 1418 1082; baseline -0.003 -21"><span class='ocrx_word' id='word_1_54' title='bbox 295 999 417 1063; x_wconf 90' lang='lat' dir='ltr'><strong><em>tatibus</em></strong></span> <span class='ocrx_word' id='word_1_55' title='bbox 439 999 665 1082; x_wconf 89' lang='lat' dir='ltr'><strong><em>episcoporum</em></strong></span> <span class='ocrx_word' id='word_1_56' title='bbox 687 1001 724 1062; x_wconf 87' lang='lat' dir='ltr'><strong><em>in</em></strong></span> <span class='ocrx_word' id='word_1_57' title='bbox 746 997 807 1062; x_wconf 92' lang='lat' dir='ltr'><strong><em>illa</em></strong></span> <span class='ocrx_word' id='word_1_58' title='bbox 828 998 1057 1062; x_wconf 74' lang='lat' dir='ltr'><strong><em>distributione</em></strong></span> <span class='ocrx_word' id='word_1_59' title='bbox 1078 997 1233 1062; x_wconf 82' lang='lat' dir='ltr'><strong><em>militibus</em></strong></span> <span class='ocrx_word' id='word_1_60' title='bbox 1255 1019 1322 1059; x_wconf 90' lang='lat' dir='ltr'><strong><em>non</em></strong></span> <span class='ocrx_word' id='word_1_61' title='bbox 1338 1018 1418 1059; x_wconf 89' lang='lat' dir='ltr'><strong><em>aon-</em></strong></span> 
     </span>
     <span class='ocr_line' id='line_1_9' title="bbox 296 1078 1419 1167; baseline -0.006 -20"><span class='ocrx_word' id='word_1_62' title='bbox 296 1105 387 1147; x_wconf 89' lang='lat' dir='ltr'><strong><em>cessa</em></strong></span> <span class='ocrx_word' id='word_1_63' title='bbox 412 1081 662 1167; x_wconf 78' lang='lat' dir='ltr'><strong><em>superfuerunt,</em></strong></span> <span class='ocrx_word' id='word_1_64' title='bbox 696 1083 747 1146; x_wconf 85' lang='lat' dir='ltr'><strong><em>bis</em></strong></span> <span class='ocrx_word' id='word_1_65' title='bbox 777 1084 848 1167; x_wconf 91' lang='lat' dir='ltr'><strong><em>ipse</em></strong></span> <span class='ocrx_word' id='word_1_66' title='bbox 874 1092 1033 1167; x_wconf 88' lang='lat' dir='ltr'><strong><em>tanquam</em></strong></span> <span class='ocrx_word' id='word_1_67' title='bbox 1055 1083 1210 1167; x_wconf 88' lang='lat' dir='ltr'><strong><em>propriis</em></strong></span> <span class='ocrx_word' id='word_1_68' title='bbox 1237 1082 1358 1158; x_wconf 87' lang='lat' dir='ltr'><strong><em>utitur,</em></strong></span> <span class='ocrx_word' id='word_1_69' title='bbox 1376 1078 1419 1141; x_wconf 82' lang='lat' dir='ltr'><strong><em>&#39;et</em></strong></span> 
     </span>
     <span class='ocr_line' id='line_1_10' title="bbox 296 1165 1418 1251; baseline -0.004 -21"><span class='ocrx_word' id='word_1_70' title='bbox 296 1177 363 1231; x_wconf 91' lang='lat' dir='ltr'><strong><em>tam</em></strong></span> <span class='ocrx_word' id='word_1_71' title='bbox 384 1166 557 1251; x_wconf 85' lang='lat' dir='ltr'><strong><em>manifeste</em></strong></span> <span class='ocrx_word' id='word_1_72' title='bbox 578 1169 648 1229; x_wconf 87' lang='lat' dir='ltr'><strong><em>suis</em></strong></span> <span class='ocrx_word' id='word_1_73' title='bbox 670 1167 784 1230; x_wconf 88' lang='lat' dir='ltr'><strong><em>usibus</em></strong></span> <span class='ocrx_word' id='word_1_74' title='bbox 807 1166 1006 1246; x_wconf 88' lang='lat' dir='ltr'><strong><em>deserviunt,</em></strong></span> <span class='ocrx_word' id='word_1_75' title='bbox 1030 1169 1100 1230; x_wconf 90' lang='lat' dir='ltr'><strong><em>acsi</em></strong></span> <span class='ocrx_word' id='word_1_76' title='bbox 1122 1165 1319 1230; x_wconf 75' lang='lat' dir='ltr'><strong><em>hereditario</em></strong></span> <span class='ocrx_word' id='word_1_77' title='bbox 1341 1166 1418 1227; x_wconf 90' lang='lat' dir='ltr'><strong><em>iure</em></strong></span> 
     </span>
     <span class='ocr_line' id='line_1_11' title="bbox 297 1249 1419 1335; baseline -0.004 -21"><span class='ocrx_word' id='word_1_78' title='bbox 297 1252 361 1316; x_wconf 89' lang='lat' dir='ltr'><strong><em>sibi</em></strong></span> <span class='ocrx_word' id='word_1_79' title='bbox 388 1253 627 1334; x_wconf 85' lang='lat' dir='ltr'><strong><em>provenissent.</em></strong></span> <span class='ocrx_word' id='word_1_80' title='bbox 677 1251 718 1313; x_wconf 86' lang='lat' dir='ltr'><strong><em>Iu</em></strong></span> <span class='ocrx_word' id='word_1_81' title='bbox 750 1274 816 1335; x_wconf 91' lang='lat' dir='ltr'><strong><em>qua</em></strong></span> <span class='ocrx_word' id='word_1_82' title='bbox 850 1253 1057 1315; x_wconf 82' lang='lat' dir='ltr'><strong><em>accusatione</em></strong></span> <span class='ocrx_word' id='word_1_83' title='bbox 1089 1253 1119 1314; x_wconf 91' lang='lat' dir='ltr'><strong><em>si</em></strong></span> <span class='ocrx_word' id='word_1_84' title='bbox 1140 1249 1308 1334; x_wconf 85' lang='lat' dir='ltr'><strong><em>falsitatis</em></strong></span> <span class='ocrx_word' id='word_1_85' title='bbox 1341 1270 1419 1311; x_wconf 87' lang='lat' dir='ltr'><strong><em>con-</em></strong></span> 
     </span>
     <span class='ocr_line' id='line_1_12' title="bbox 297 1336 1419 1418; baseline -0.005 -19"><span class='ocrx_word' id='word_1_86' title='bbox 297 1337 478 1416; x_wconf 85' lang='lat' dir='ltr'><strong><em>vincimur,</em></strong></span> <span class='ocrx_word' id='word_1_87' title='bbox 511 1357 585 1415; x_wconf 90' lang='lat' dir='ltr'><strong><em>nos,</em></strong></span> <span class='ocrx_word' id='word_1_88' title='bbox 621 1336 678 1418; x_wconf 89' lang='lat' dir='ltr'><strong><em>qui</em></strong></span> <span class='ocrx_word' id='word_1_89' title='bbox 706 1343 911 1399; x_wconf 88' lang='lat' dir='ltr'><strong><em>accusatores</em></strong></span> <span class='ocrx_word' id='word_1_90' title='bbox 942 1359 1068 1416; x_wconf 88' lang='lat' dir='ltr'><strong><em>sumus,</em></strong></span> <span class='ocrx_word' id='word_1_91' title='bbox 1103 1336 1246 1398; x_wconf 87' lang='lat' dir='ltr'><strong><em>accusati</em></strong></span> <span class='ocrx_word' id='word_1_92' title='bbox 1270 1354 1419 1416; x_wconf 87' lang='lat' dir='ltr'><strong><em>poenam</em></strong></span> 
     </span>
     <span class='ocr_line' id='line_1_13' title="bbox 298 1413 1417 1504; baseline -0.005 -22"><span class='ocrx_word' id='word_1_93' title='bbox 298 1419 407 1482; x_wconf 86' lang='lat' dir='ltr'><strong><em>subire</em></strong></span> <span class='ocrx_word' id='word_1_94' title='bbox 424 1420 544 1501; x_wconf 87' lang='lat' dir='ltr'><strong><em>parati</em></strong></span> <span class='ocrx_word' id='word_1_95' title='bbox 565 1440 687 1481; x_wconf 87' lang='lat' dir='ltr'><strong><em>sumus.</em></strong></span> <span class='ocrx_word' id='word_1_96' title='bbox 727 1418 854 1482; x_wconf 84' lang='lat' dir='ltr'><strong><em>Iudicat</em></strong></span> <span class='ocrx_word' id='word_1_97' title='bbox 874 1443 950 1504; x_wconf 79' lang='lat' dir='ltr'><strong><em>erqo</em></strong></span> <span class='ocrx_word' id='word_1_98' title='bbox 972 1429 1089 1484; x_wconf 88' lang='lat' dir='ltr'><strong><em>sancta</em></strong></span> <span class='ocrx_word' id='word_1_99' title='bbox 1111 1418 1200 1482; x_wconf 84' lang='lat' dir='ltr'><strong><em>sedes</em></strong></span> <span class='ocrx_word' id='word_1_100' title='bbox 1224 1413 1417 1502; x_wconf 86' lang='lat' dir='ltr'><strong><em>apostolica,</em></strong></span> 
     </span>
     <span class='ocr_line' id='line_1_14' title="bbox 298 1501 1417 1587; baseline -0.004 -21"><span class='ocrx_word' id='word_1_101' title='bbox 298 1504 516 1585; x_wconf 82' lang='lat' dir='ltr'><strong><em>inquirantur</em></strong></span> <span class='ocrx_word' id='word_1_102' title='bbox 530 1511 716 1565; x_wconf 89' lang='lat' dir='ltr'><strong><em>sanctorum</em></strong></span> <span class='ocrx_word' id='word_1_103' title='bbox 726 1511 861 1585; x_wconf 88' lang='lat' dir='ltr'><strong><em>patrum</em></strong></span> <span class='ocrx_word' id='word_1_104' title='bbox 872 1503 1025 1584; x_wconf 89' lang='lat' dir='ltr'><strong><em>concilia,</em></strong></span> <span class='ocrx_word' id='word_1_105' title='bbox 1040 1505 1282 1587; x_wconf 76' lang='lat' dir='ltr'><strong><em>interroqentur</em></strong></span> <span class='ocrx_word' id='word_1_106' title='bbox 1292 1501 1417 1564; x_wconf 80' lang='lat' dir='ltr'><strong><em>Roma-</em></strong></span> 
     </span>
     <span class='ocr_line' id='line_1_15' title="bbox 298 1582 1419 1672; baseline -0.004 -23"><span class='ocrx_word' id='word_1_107' title='bbox 298 1608 416 1650; x_wconf 90' lang='lat' dir='ltr'><strong><em>norum</em></strong></span> <span class='ocrx_word' id='word_1_108' title='bbox 439 1585 633 1670; x_wconf 83' lang='lat' dir='ltr'><strong><em>pontificum</em></strong></span> <span class='ocrx_word' id='word_1_109' title='bbox 662 1586 805 1667; x_wconf 90' lang='lat' dir='ltr'><strong><em>decreta,</em></strong></span> <span class='ocrx_word' id='word_1_110' title='bbox 834 1596 944 1650; x_wconf 90' lang='lat' dir='ltr'><strong><em>utrum</em></strong></span> <span class='ocrx_word' id='word_1_111' title='bbox 969 1588 1018 1668; x_wconf 84' lang='lat' dir='ltr'><strong><em>bi,</em></strong></span> <span class='ocrx_word' id='word_1_112' title='bbox 1049 1589 1107 1672; x_wconf 89' lang='lat' dir='ltr'><strong><em>qui</em></strong></span> <span class='ocrx_word' id='word_1_113' title='bbox 1127 1588 1193 1650; x_wconf 86' lang='lat' dir='ltr'><strong><em>isto</em></strong></span> <span class='ocrx_word' id='word_1_114' title='bbox 1204 1585 1346 1670; x_wconf 85' lang='lat' dir='ltr'><strong><em>faciunt</em></strong></span> <span class='ocrx_word' id='word_1_115' title='bbox 1366 1582 1419 1646; x_wconf 89' lang='lat' dir='ltr'><strong><em>vel</em></strong></span> 
     </span>
     <span class='ocr_line' id='line_1_16' title="bbox 299 1667 1419 1754; baseline -0.004 -20"><span class='ocrx_word' id='word_1_116' title='bbox 299 1671 505 1734; x_wconf 89' lang='lat' dir='ltr'><strong><em>consentiunt</em></strong></span> <span class='ocrx_word' id='word_1_117' title='bbox 521 1669 745 1753; x_wconf 82' lang='lat' dir='ltr'><strong><em>facientibus,</em></strong></span> <span class='ocrx_word' id='word_1_118' title='bbox 773 1693 839 1754; x_wconf 88' lang='lat' dir='ltr'><strong><em>pro</em></strong></span> <span class='ocrx_word' id='word_1_119' title='bbox 869 1671 1156 1736; x_wconf 74' lang='lat' dir='ltr'><strong><em>incommunicatis</em></strong></span> <span class='ocrx_word' id='word_1_120' title='bbox 1186 1680 1214 1733; x_wconf 91' lang='lat' dir='ltr'><strong><em>et</em></strong></span> <span class='ocrx_word' id='word_1_121' title='bbox 1243 1667 1419 1752; x_wconf 80' lang='lat' dir='ltr'><strong><em>sacrileqis</em></strong></span> 
     </span>
     <span class='ocr_line' id='line_1_17' title="bbox 300 1753 1420 1839; baseline -0.003 -21"><span class='ocrx_word' id='word_1_122' title='bbox 300 1754 443 1819; x_wconf 79' lang='lat' dir='ltr'><strong><em>habendi</em></strong></span> <span class='ocrx_word' id='word_1_123' title='bbox 456 1756 531 1834; x_wconf 87' lang='lat' dir='ltr'><strong><em>sint,</em></strong></span> <span class='ocrx_word' id='word_1_124' title='bbox 553 1764 582 1818; x_wconf 91' lang='lat' dir='ltr'><strong><em>et</em></strong></span> <span class='ocrx_word' id='word_1_125' title='bbox 596 1756 627 1816; x_wconf 88' lang='lat' dir='ltr'><strong><em>si</em></strong></span> <span class='ocrx_word' id='word_1_126' title='bbox 640 1753 688 1817; x_wconf 88' lang='lat' dir='ltr'><strong><em>vel</em></strong></span> <span class='ocrx_word' id='word_1_127' title='bbox 709 1755 794 1839; x_wconf 88' lang='lat' dir='ltr'><strong><em>ipsis</em></strong></span> <span class='ocrx_word' id='word_1_128' title='bbox 808 1754 856 1818; x_wconf 92' lang='lat' dir='ltr'><strong><em>vel</em></strong></span> <span class='ocrx_word' id='word_1_129' title='bbox 870 1757 1018 1838; x_wconf 89' lang='lat' dir='ltr'><strong><em>ipsorum</em></strong></span> <span class='ocrx_word' id='word_1_130' title='bbox 1030 1754 1227 1838; x_wconf 88' lang='lat' dir='ltr'><strong><em>fautoribus</em></strong></span> <span class='ocrx_word' id='word_1_131' title='bbox 1241 1754 1420 1817; x_wconf 88' lang='lat' dir='ltr'><strong><em>eommuni-</em></strong></span> 
     </span>
     <span class='ocr_line' id='line_1_18' title="bbox 300 1835 1419 1922; baseline -0.004 -19"><span class='ocrx_word' id='word_1_132' title='bbox 300 1839 442 1903; x_wconf 88' lang='lat' dir='ltr'><strong><em>candum</em></strong></span> <span class='ocrx_word' id='word_1_133' title='bbox 470 1841 522 1902; x_wconf 88' lang='lat' dir='ltr'><strong><em>sit.</em></strong></span> <span class='ocrx_word' id='word_1_134' title='bbox 568 1835 633 1911; x_wconf 82' lang='lat' dir='ltr'><strong><em>Qui</em></strong></span> <span class='ocrx_word' id='word_1_135' title='bbox 659 1862 731 1902; x_wconf 89' lang='lat' dir='ltr'><strong><em>cum</em></strong></span> <span class='ocrx_word' id='word_1_136' title='bbox 756 1861 828 1902; x_wconf 89' lang='lat' dir='ltr'><strong><em>vere</em></strong></span> <span class='ocrx_word' id='word_1_137' title='bbox 856 1841 978 1919; x_wconf 90' lang='lat' dir='ltr'><strong><em>sciant,</em></strong></span> <span class='ocrx_word' id='word_1_138' title='bbox 1007 1861 1088 1902; x_wconf 85' lang='lat' dir='ltr'><strong><em>vera</em></strong></span> <span class='ocrx_word' id='word_1_139' title='bbox 1115 1861 1180 1902; x_wconf 88' lang='lat' dir='ltr'><strong><em>csse</em></strong></span> <span class='ocrx_word' id='word_1_140' title='bbox 1209 1860 1292 1922; x_wconf 87' lang='lat' dir='ltr'><strong><em>quae</em></strong></span> <span class='ocrx_word' id='word_1_141' title='bbox 1320 1837 1358 1900; x_wconf 90' lang='lat' dir='ltr'><strong><em>de</em></strong></span> <span class='ocrx_word' id='word_1_142' title='bbox 1381 1859 1419 1899; x_wconf 88' lang='lat' dir='ltr'><strong><em>eo</em></strong></span> 
     </span>
     <span class='ocr_line' id='line_1_19' title="bbox 298 1921 1420 2008; baseline -0.004 -22"><span class='ocrx_word' id='word_1_143' title='bbox 298 1923 479 2008; x_wconf 89' lang='lat' dir='ltr'><strong><em>loquimur,</em></strong></span> <span class='ocrx_word' id='word_1_144' title='bbox 501 1923 637 1986; x_wconf 88' lang='lat' dir='ltr'><strong><em>scienter</em></strong></span> <span class='ocrx_word' id='word_1_145' title='bbox 659 1925 899 1986; x_wconf 89' lang='lat' dir='ltr'><strong><em>communicant</em></strong></span> <span class='ocrx_word' id='word_1_146' title='bbox 920 1925 989 1986; x_wconf 85' lang='lat' dir='ltr'><strong><em>eius</em></strong></span> <span class='ocrx_word' id='word_1_147' title='bbox 1012 1923 1164 2006; x_wconf 87' lang='lat' dir='ltr'><strong><em>operibus</em></strong></span> <span class='ocrx_word' id='word_1_148' title='bbox 1185 1921 1266 1984; x_wconf 89' lang='lat' dir='ltr'><strong><em>mali</em></strong></span> <span class='ocrx_word' id='word_1_149' title='bbox 1290 1922 1360 2000; x_wconf 88' lang='lat' dir='ltr'><strong><em>nis,</em></strong></span> <span class='ocrx_word' id='word_1_150' title='bbox 1390 1929 1420 1982; x_wconf 95' lang='lat' dir='ltr'><strong><em>et</em></strong></span> 
     </span>
     <span class='ocr_line' id='line_1_20' title="bbox 300 1944 1421 2091; baseline -0.004 -21"><span class='ocrx_word' id='word_1_151' title='bbox 300 2009 363 2070; x_wconf 82' lang='lat' dir='ltr'><strong><em>buc</em></strong></span> <span class='ocrx_word' id='word_1_152' title='bbox 381 2007 430 2070; x_wconf 75' lang='lat' dir='ltr'><strong><em>&#39;ad</em></strong></span> <span class='ocrx_word' id='word_1_153' title='bbox 453 2007 510 2070; x_wconf 83' lang='lat' dir='ltr'><strong><em>boc</em></strong></span> <span class='ocrx_word' id='word_1_154' title='bbox 532 2010 642 2072; x_wconf 87' lang='lat' dir='ltr'><strong><em>venire</em></strong></span> <span class='ocrx_word' id='word_1_155' title='bbox 663 2005 774 2088; x_wconf 90' lang='lat' dir='ltr'><strong><em>solent,</em></strong></span> <span class='ocrx_word' id='word_1_156' title='bbox 797 2016 832 2070; x_wconf 91' lang='lat' dir='ltr'><strong><em>ut</em></strong></span> <span class='ocrx_word' id='word_1_157' title='bbox 852 2009 1037 2071; x_wconf 86' lang='lat' dir='ltr'><strong><em>iniustitiae</em></strong></span> <span class='ocrx_word' id='word_1_158' title='bbox 1059 2007 1200 2070; x_wconf 89' lang='lat' dir='ltr'><strong><em>latebras</em></strong></span> <span class='ocrx_word' id='word_1_159' title='bbox 1216 1944 1421 2091; x_wconf 57' lang='lat' dir='ltr'><strong><em>dessensionis</em></strong></span> 
     </span>
     <span class='ocr_line' id='line_1_21' title="bbox 300 2089 1420 2175; baseline -0.004 -20"><span class='ocrx_word' id='word_1_160' title='bbox 300 2091 487 2169; x_wconf 82' lang='lat' dir='ltr'><strong><em>obtendant,</em></strong></span> <span class='ocrx_word' id='word_1_161' title='bbox 510 2099 539 2152; x_wconf 90' lang='lat' dir='ltr'><strong><em>et</em></strong></span> <span class='ocrx_word' id='word_1_162' title='bbox 559 2099 723 2154; x_wconf 91' lang='lat' dir='ltr'><strong><em>tantorum</em></strong></span> <span class='ocrx_word' id='word_1_163' title='bbox 744 2091 898 2155; x_wconf 87' lang='lat' dir='ltr'><strong><em>scelerum</em></strong></span> <span class='ocrx_word' id='word_1_164' title='bbox 914 2093 1058 2175; x_wconf 88' lang='lat' dir='ltr'><strong><em>patroni</em></strong></span> <span class='ocrx_word' id='word_1_165' title='bbox 1078 2093 1230 2156; x_wconf 83' lang='lat' dir='ltr'><strong><em>euistant.</em></strong></span> <span class='ocrx_word' id='word_1_166' title='bbox 1276 2089 1420 2172; x_wconf 80' lang='lat' dir='ltr'><strong><em>Cumque</em></strong></span> 
     </span>
     <span class='ocr_line' id='line_1_22' title="bbox 299 2173 1418 2260; baseline -0.003 -22"><span class='ocrx_word' id='word_1_167' title='bbox 299 2177 337 2238; x_wconf 88' lang='lat' dir='ltr'><strong><em>in</em></strong></span> <span class='ocrx_word' id='word_1_168' title='bbox 359 2173 496 2238; x_wconf 87' lang='lat' dir='ltr'><strong><em>concilio</em></strong></span> <span class='ocrx_word' id='word_1_169' title='bbox 518 2175 618 2236; x_wconf 85' lang='lat' dir='ltr'><strong><em>buius</em></strong></span> <span class='ocrx_word' id='word_1_170' title='bbox 640 2183 772 2238; x_wconf 87' lang='lat' dir='ltr'><strong><em>sanctae</em></strong></span> <span class='ocrx_word' id='word_1_171' title='bbox 794 2175 955 2255; x_wconf 90' lang='lat' dir='ltr'><strong><em>ecclesiae,</em></strong></span> <span class='ocrx_word' id='word_1_172' title='bbox 979 2199 1062 2260; x_wconf 91' lang='lat' dir='ltr'><strong><em>quae</em></strong></span> <span class='ocrx_word' id='word_1_173' title='bbox 1084 2197 1209 2259; x_wconf 89' lang='lat' dir='ltr'><strong><em>semper</em></strong></span> <span class='ocrx_word' id='word_1_174' title='bbox 1231 2173 1271 2236; x_wconf 93' lang='lat' dir='ltr'><strong><em>ab</em></strong></span> <span class='ocrx_word' id='word_1_175' title='bbox 1294 2195 1418 2236; x_wconf 87' lang='lat' dir='ltr'><strong><em>eucom-</em></strong></span> 
     </span>
     <span class='ocr_line' id='line_1_23' title="bbox 299 2257 1420 2344; baseline -0.001 -24"><span class='ocrx_word' id='word_1_176' title='bbox 299 2261 471 2321; x_wconf 79' lang='lat' dir='ltr'><strong><em>niunieatis</em></strong></span> <span class='ocrx_word' id='word_1_177' title='bbox 500 2257 660 2321; x_wconf 88' lang='lat' dir='ltr'><strong><em>abstinere</em></strong></span> <span class='ocrx_word' id='word_1_178' title='bbox 683 2259 806 2338; x_wconf 91' lang='lat' dir='ltr'><strong><em>docuit,</em></strong></span> <span class='ocrx_word' id='word_1_179' title='bbox 834 2281 866 2321; x_wconf 89' lang='lat' dir='ltr'><strong><em>se</em></strong></span> <span class='ocrx_word' id='word_1_180' title='bbox 889 2263 986 2344; x_wconf 88' lang='lat' dir='ltr'><strong><em>quasi</em></strong></span> <span class='ocrx_word' id='word_1_181' title='bbox 1008 2269 1152 2324; x_wconf 86' lang='lat' dir='ltr'><strong><em>oratores</em></strong></span> <span class='ocrx_word' id='word_1_182' title='bbox 1176 2258 1340 2337; x_wconf 81' lang='lat' dir='ltr'><strong><em>subibant,</em></strong></span> <span class='ocrx_word' id='word_1_183' title='bbox 1367 2258 1420 2319; x_wconf 91' lang='lat' dir='ltr'><strong><em>ita</em></strong></span> 
     </span>
     <span class='ocr_line' id='line_1_24' title="bbox 296 2342 1421 2488; baseline -0.003 -84"><span class='ocrx_word' id='word_1_184' title='bbox 296 2343 462 2488; x_wconf 79' lang='lat' dir='ltr'><strong><em>patienter</em></strong></span> <span class='ocrx_word' id='word_1_185' title='bbox 484 2342 679 2422; x_wconf 90' lang='lat' dir='ltr'><strong><em>audiuntur,</em></strong></span> <span class='ocrx_word' id='word_1_186' title='bbox 710 2345 793 2406; x_wconf 91' lang='lat' dir='ltr'><strong><em>sicut</em></strong></span> <span class='ocrx_word' id='word_1_187' title='bbox 815 2353 844 2406; x_wconf 92' lang='lat' dir='ltr'><strong><em>et</em></strong></span> <span class='ocrx_word' id='word_1_188' title='bbox 865 2345 979 2423; x_wconf 90' lang='lat' dir='ltr'><strong><em>nostri,</em></strong></span> <span class='ocrx_word' id='word_1_189' title='bbox 1009 2343 1098 2408; x_wconf 90' lang='lat' dir='ltr'><strong><em>nullo</em></strong></span> <span class='ocrx_word' id='word_1_190' title='bbox 1120 2344 1310 2407; x_wconf 86' lang='lat' dir='ltr'><strong><em>discrimine</em></strong></span> <span class='ocrx_word' id='word_1_191' title='bbox 1331 2342 1421 2404; x_wconf 91' lang='lat' dir='ltr'><strong><em>inter</em></strong></span> 
     </span>
     <span class='ocr_line' id='line_1_25' title="bbox 314 2425 1421 2511; baseline 0.001 -25"><span class='ocrx_word' id='word_1_192' title='bbox 314 2447 405 2488; x_wconf 86' lang='lat' dir='ltr'><strong><em>cesos</em></strong></span> <span class='ocrx_word' id='word_1_193' title='bbox 436 2435 465 2489; x_wconf 90' lang='lat' dir='ltr'><strong><em>et</em></strong></span> <span class='ocrx_word' id='word_1_194' title='bbox 494 2425 655 2490; x_wconf 89' lang='lat' dir='ltr'><strong><em>laedentes</em></strong></span> <span class='ocrx_word' id='word_1_195' title='bbox 688 2426 805 2490; x_wconf 81' lang='lat' dir='ltr'><strong><em>liabito.</em></strong></span> <span class='ocrx_word' id='word_1_196' title='bbox 855 2427 903 2491; x_wconf 88' lang='lat' dir='ltr'><strong><em>Hi</em></strong></span> <span class='ocrx_word' id='word_1_197' title='bbox 931 2429 1028 2492; x_wconf 90' lang='lat' dir='ltr'><strong><em>etiam</em></strong></span> <span class='ocrx_word' id='word_1_198' title='bbox 1061 2450 1168 2511; x_wconf 87' lang='lat' dir='ltr'><strong><em>nuper</em></strong></span> <span class='ocrx_word' id='word_1_199' title='bbox 1198 2429 1235 2491; x_wconf 91' lang='lat' dir='ltr'><strong><em>in</em></strong></span> <span class='ocrx_word' id='word_1_200' title='bbox 1265 2426 1421 2489; x_wconf 90' lang='lat' dir='ltr'><strong><em>comitatu</em></strong></span> 
     </span>
     <span class='ocr_line' id='line_1_26' title="bbox 301 2508 1420 2596; baseline -0.002 -24"><span class='ocrx_word' id='word_1_201' title='bbox 301 2509 426 2572; x_wconf 92' lang='lat' dir='ltr'><strong><em>domini</em></strong></span> <span class='ocrx_word' id='word_1_202' title='bbox 447 2511 501 2573; x_wconf 90' lang='lat' dir='ltr'><strong><em>sui</em></strong></span> <span class='ocrx_word' id='word_1_203' title='bbox 521 2511 558 2574; x_wconf 90' lang='lat' dir='ltr'><strong><em>in</em></strong></span> <span class='ocrx_word' id='word_1_204' title='bbox 581 2532 633 2574; x_wconf 90' lang='lat' dir='ltr'><strong><em>eos</em></strong></span> <span class='ocrx_word' id='word_1_205' title='bbox 654 2512 920 2593; x_wconf 86' lang='lat' dir='ltr'><strong><em>insurrescerunt,</em></strong></span> <span class='ocrx_word' id='word_1_206' title='bbox 944 2515 1002 2596; x_wconf 91' lang='lat' dir='ltr'><strong><em>qui</em></strong></span> <span class='ocrx_word' id='word_1_207' title='bbox 1022 2513 1206 2596; x_wconf 89' lang='lat' dir='ltr'><strong><em>praeceptis</em></strong></span> <span class='ocrx_word' id='word_1_208' title='bbox 1229 2508 1420 2594; x_wconf 88' lang='lat' dir='ltr'><strong><em>apostolicis</em></strong></span> 
     </span>
     <span class='ocr_line' id='line_1_27' title="bbox 301 2594 1420 2682; baseline -0.003 -24"><span class='ocrx_word' id='word_1_209' title='bbox 301 2594 469 2674; x_wconf 88' lang='lat' dir='ltr'><strong><em>obediunt,</em></strong></span> <span class='ocrx_word' id='word_1_210' title='bbox 501 2603 537 2656; x_wconf 90' lang='lat' dir='ltr'><strong><em>ut</em></strong></span> <span class='ocrx_word' id='word_1_211' title='bbox 567 2595 612 2658; x_wconf 89' lang='lat' dir='ltr'><strong><em>ad</em></strong></span> <span class='ocrx_word' id='word_1_212' title='bbox 643 2594 894 2660; x_wconf 83' lang='lat' dir='ltr'><strong><em>inobedientiam</em></strong></span> <span class='ocrx_word' id='word_1_213' title='bbox 924 2599 1199 2682; x_wconf 82' lang='lat' dir='ltr'><strong><em>constrinqerent,·</em></strong></span> <span class='ocrx_word' id='word_1_214' title='bbox 1232 2595 1353 2658; x_wconf 86' lang='lat' dir='ltr'><strong><em>scilicet</em></strong></span> <span class='ocrx_word' id='word_1_215' title='bbox 1380 2596 1420 2656; x_wconf 89' lang='lat' dir='ltr'><strong><em>in</em></strong></span> 
     </span>
     <span class='ocr_line' id='line_1_28' title="bbox 296 2677 1420 2762; baseline -0.002 -20"><span class='ocrx_word' id='word_1_216' title='bbox 296 2678 451 2762; x_wconf 91' lang='lat' dir='ltr'><strong><em>partibus</em></strong></span> <span class='ocrx_word' id='word_1_217' title='bbox 478 2677 633 2760; x_wconf 78' lang='lat' dir='ltr'><strong><em>Sueviae,</em></strong></span> <span class='ocrx_word' id='word_1_218' title='bbox 668 2679 725 2742; x_wconf 90' lang='lat' dir='ltr'><strong><em>ubi</em></strong></span> <span class='ocrx_word' id='word_1_219' title='bbox 751 2679 917 2743; x_wconf 89' lang='lat' dir='ltr'><strong><em>incendiis</em></strong></span> <span class='ocrx_word' id='word_1_220' title='bbox 947 2679 1155 2744; x_wconf 90' lang='lat' dir='ltr'><strong><em>ecclesiarum</em></strong></span> <span class='ocrx_word' id='word_1_221' title='bbox 1184 2689 1213 2742; x_wconf 92' lang='lat' dir='ltr'><strong><em>et</em></strong></span> <span class='ocrx_word' id='word_1_222' title='bbox 1244 2679 1420 2742; x_wconf 69' lang='lat' dir='ltr'><strong><em>altariuma</em></strong></span> 
     </span>
     <span class='ocr_line' id='line_1_29' title="bbox 301 2761 1419 2848; baseline 0 -22"><span class='ocrx_word' id='word_1_223' title='bbox 301 2762 575 2826; x_wconf 84' lang='lat' dir='ltr'><strong><em>destructionibus</em></strong></span> <span class='ocrx_word' id='word_1_224' title='bbox 590 2763 768 2848; x_wconf 82' lang='lat' dir='ltr'><strong><em>sacrileqia</em></strong></span> <span class='ocrx_word' id='word_1_225' title='bbox 782 2764 1041 2828; x_wconf 81' lang='lat' dir='ltr'><strong><em>innumerabilia</em></strong></span> <span class='ocrx_word' id='word_1_226' title='bbox 1056 2767 1225 2844; x_wconf 81' lang='lat' dir='ltr'><strong><em>commissa</em></strong></span> <span class='ocrx_word' id='word_1_227' title='bbox 1241 2771 1339 2826; x_wconf 88' lang='lat' dir='ltr'><strong><em>sunt.¹</em></strong></span> <span class='ocrx_word' id='word_1_228' title='bbox 1375 2761 1419 2826; x_wconf 89' lang='lat' dir='ltr'><strong><em>In</em></strong></span> 
     </span>
     <span class='ocr_line' id='line_1_30' title="bbox 301 2844 1420 2930; baseline -0.001 -20"><span class='ocrx_word' id='word_1_229' title='bbox 301 2868 368 2930; x_wconf 90' lang='lat' dir='ltr'><strong><em>qua</em></strong></span> <span class='ocrx_word' id='word_1_230' title='bbox 395 2868 430 2908; x_wconf 90' lang='lat' dir='ltr'><strong><em>re</em></strong></span> <span class='ocrx_word' id='word_1_231' title='bbox 459 2844 531 2908; x_wconf 90' lang='lat' dir='ltr'><strong><em>illos</em></strong></span> <span class='ocrx_word' id='word_1_232' title='bbox 553 2847 629 2910; x_wconf 69' lang='lat' dir='ltr'><strong><em>nec¹³</em></strong></span> <span class='ocrx_word' id='word_1_233' title='bbox 660 2869 852 2910; x_wconf 86' lang='lat' dir='ltr'><strong><em>accusamus</em></strong></span> <span class='ocrx_word' id='word_1_234' title='bbox 878 2869 935 2910; x_wconf 91' lang='lat' dir='ltr'><strong><em>nec</em></strong></span> <span class='ocrx_word' id='word_1_235' title='bbox 958 2871 1171 2930; x_wconf 84' lang='lat' dir='ltr'><strong><em>cucusamus,·</em></strong></span> <span class='ocrx_word' id='word_1_236' title='bbox 1201 2847 1287 2911; x_wconf 90' lang='lat' dir='ltr'><strong><em>illud</em></strong></span> <span class='ocrx_word' id='word_1_237' title='bbox 1312 2855 1420 2909; x_wconf 90' lang='lat' dir='ltr'><strong><em>autem</em></strong></span> 
     </span>
     <span class='ocr_line' id='line_1_31' title="bbox 191 2928 1420 3014; baseline -0.003 -18"><span class='ocrx_word' id='word_1_238' title='bbox 191 2953 281 3006; x_wconf 57' lang='lat' dir='ltr'><strong><em>*asts</em></strong></span> <span class='ocrx_word' id='word_1_239' title='bbox 301 2953 373 2994; x_wconf 90' lang='lat' dir='ltr'><strong><em>vere</em></strong></span> <span class='ocrx_word' id='word_1_240' title='bbox 404 2928 634 3012; x_wconf 59' lang='lat' dir='ltr'><strong><em>affirmamus*</em></strong></span> <span class='ocrx_word' id='word_1_241' title='bbox 663 2931 752 3013; x_wconf 86' lang='lat' dir='ltr'><strong><em>quod</em></strong></span> <span class='ocrx_word' id='word_1_242' title='bbox 774 2933 902 3014; x_wconf 87' lang='lat' dir='ltr'><strong><em>rapina</em></strong></span> <span class='ocrx_word' id='word_1_243' title='bbox 930 2931 990 2994; x_wconf 91' lang='lat' dir='ltr'><strong><em>illa</em></strong></span> <span class='ocrx_word' id='word_1_244' title='bbox 1019 2935 1056 2996; x_wconf 92' lang='lat' dir='ltr'><strong><em>in</em></strong></span> <span class='ocrx_word' id='word_1_245' title='bbox 1079 2933 1221 2996; x_wconf 90' lang='lat' dir='ltr'><strong><em>ecclesiis</em></strong></span> <span class='ocrx_word' id='word_1_246' title='bbox 1250 2941 1279 2993; x_wconf 94' lang='lat' dir='ltr'><strong><em>et</em></strong></span> <span class='ocrx_word' id='word_1_247' title='bbox 1305 2952 1420 2994; x_wconf 90' lang='lat' dir='ltr'><strong><em>earum</em></strong></span> 
     </span>
     <span class='ocr_line' id='line_1_32' title="bbox 303 3011 1419 3100; baseline -0.001 -23"><span class='ocrx_word' id='word_1_248' title='bbox 303 3015 400 3078; x_wconf 89' lang='lat' dir='ltr'><strong><em>atriis</em></strong></span> <span class='ocrx_word' id='word_1_249' title='bbox 412 3011 530 3096; x_wconf 84' lang='lat' dir='ltr'><strong><em>faeta,</em></strong></span> <span class='ocrx_word' id='word_1_250' title='bbox 560 3035 719 3077; x_wconf 90' lang='lat' dir='ltr'><strong><em>consensu</em></strong></span> <span class='ocrx_word' id='word_1_251' title='bbox 746 3023 775 3078; x_wconf 88' lang='lat' dir='ltr'><strong><em>et</em></strong></span> <span class='ocrx_word' id='word_1_252' title='bbox 790 3017 1004 3091; x_wconf 86' lang='lat' dir='ltr'><strong><em>permissione</em></strong></span> <span class='ocrx_word' id='word_1_253' title='bbox 1033 3026 1099 3079; x_wconf 92' lang='lat' dir='ltr'><strong><em>tam</em></strong></span> <span class='ocrx_word' id='word_1_254' title='bbox 1122 3017 1294 3100; x_wconf 86' lang='lat' dir='ltr'><strong><em>principis</em></strong></span> <span class='ocrx_word' id='word_1_255' title='bbox 1319 3036 1419 3097; x_wconf 87' lang='lat' dir='ltr'><strong><em>quam</em></strong></span> 
     </span>
     <span class='ocr_line' id='line_1_33' title="bbox 303 3098 1420 3184; baseline -0.003 -21"><span class='ocrx_word' id='word_1_256' title='bbox 303 3098 447 3163; x_wconf 91' lang='lat' dir='ltr'><strong><em>omnium</em></strong></span> <span class='ocrx_word' id='word_1_257' title='bbox 478 3119 587 3180; x_wconf 89' lang='lat' dir='ltr'><strong><em>paene</em></strong></span> <span class='ocrx_word' id='word_1_258' title='bbox 618 3099 781 3161; x_wconf 91' lang='lat' dir='ltr'><strong><em>maiorum</em></strong></span> <span class='ocrx_word' id='word_1_259' title='bbox 812 3101 870 3182; x_wconf 89' lang='lat' dir='ltr'><strong><em>qui</em></strong></span> <span class='ocrx_word' id='word_1_260' title='bbox 904 3100 1045 3164; x_wconf 88' lang='lat' dir='ltr'><strong><em>oderant</em></strong></span> <span class='ocrx_word' id='word_1_261' title='bbox 1071 3108 1263 3184; x_wconf 87' lang='lat' dir='ltr'><strong><em>perpetrata</em></strong></span> <span class='ocrx_word' id='word_1_262' title='bbox 1290 3107 1350 3177; x_wconf 89' lang='lat' dir='ltr'><strong><em>est,</em></strong></span> <span class='ocrx_word' id='word_1_263' title='bbox 1379 3120 1420 3160; x_wconf 92' lang='lat' dir='ltr'><strong><em>ea</em></strong></span> 
     </span>
     <span class='ocr_line' id='line_1_34' title="bbox 303 3179 1420 3270; baseline -0.004 -23"><span class='ocrx_word' id='word_1_264' title='bbox 303 3182 431 3268; x_wconf 85' lang='lat' dir='ltr'><strong><em>quidem</em></strong></span> <span class='ocrx_word' id='word_1_265' title='bbox 447 3179 687 3262; x_wconf 84' lang='lat' dir='ltr'><strong><em>deliberatione,</em></strong></span> <span class='ocrx_word' id='word_1_266' title='bbox 711 3181 798 3266; x_wconf 87' lang='lat' dir='ltr'><strong><em>quod</em></strong></span> <span class='ocrx_word' id='word_1_267' title='bbox 812 3183 1008 3270; x_wconf 78' lang='lat' dir='ltr'><strong><em>sacriloqum</em></strong></span> <span class='ocrx_word' id='word_1_268' title='bbox 1024 3183 1115 3248; x_wconf 90' lang='lat' dir='ltr'><strong><em>illum</em></strong></span> <span class='ocrx_word' id='word_1_269' title='bbox 1131 3185 1308 3247; x_wconf 89' lang='lat' dir='ltr'><strong><em>euercitum</em></strong></span> <span class='ocrx_word' id='word_1_270' title='bbox 1323 3179 1420 3244; x_wconf 92' lang='lat' dir='ltr'><strong><em>aliter</em></strong></span> 
     </span>
     <span class='ocr_line' id='line_1_35' title="bbox 302 3267 1419 3352; baseline -0.001 -22"><span class='ocrx_word' id='word_1_271' title='bbox 302 3267 480 3331; x_wconf 87' lang='lat' dir='ltr'><strong><em>sustentari</em></strong></span> <span class='ocrx_word' id='word_1_272' title='bbox 501 3287 567 3329; x_wconf 89' lang='lat' dir='ltr'><strong><em>non</em></strong></span> <span class='ocrx_word' id='word_1_273' title='bbox 585 3287 681 3349; x_wconf 91' lang='lat' dir='ltr'><strong><em>posse</em></strong></span> <span class='ocrx_word' id='word_1_274' title='bbox 703 3277 908 3330; x_wconf 90' lang='lat' dir='ltr'><strong><em>censuerunt.</em></strong></span> <span class='ocrx_word' id='word_1_275' title='bbox 952 3268 1022 3332; x_wconf 88' lang='lat' dir='ltr'><strong><em>Hoc</em></strong></span> <span class='ocrx_word' id='word_1_276' title='bbox 1045 3291 1106 3352; x_wconf 87' lang='lat' dir='ltr'><strong><em>quo</em></strong></span> <span class='ocrx_word' id='word_1_277' title='bbox 1129 3292 1168 3332; x_wconf 89' lang='lat' dir='ltr'><strong><em>ue</em></strong></span> <span class='ocrx_word' id='word_1_278' title='bbox 1190 3269 1282 3331; x_wconf 89' lang='lat' dir='ltr'><strong><em>novit</em></strong></span> <span class='ocrx_word' id='word_1_279' title='bbox 1303 3274 1419 3329; x_wconf 89' lang='lat' dir='ltr'><strong><em>sanctu</em></strong></span> 
     </span>
     <span class='ocr_line' id='line_1_36' title="bbox 301 3293 1418 3436; baseline -0.004 -20"><span class='ocrx_word' id='word_1_280' title='bbox 301 3351 455 3416; x_wconf 82' lang='lat' dir='ltr'><strong><em>Romana</em></strong></span> <span class='ocrx_word' id='word_1_281' title='bbox 470 3349 612 3429; x_wconf 87' lang='lat' dir='ltr'><strong><em>ecclesia,</em></strong></span> <span class='ocrx_word' id='word_1_282' title='bbox 628 3350 716 3434; x_wconf 91' lang='lat' dir='ltr'><strong><em>quod</em></strong></span> <span class='ocrx_word' id='word_1_283' title='bbox 724 3350 905 3436; x_wconf 78' lang='lat' dir='ltr'><strong><em>praefatus</em></strong></span> <span class='ocrx_word' id='word_1_284' title='bbox 917 3353 1096 3416; x_wconf 88' lang='lat' dir='ltr'><strong><em>Heinrieus</em></strong></span> <span class='ocrx_word' id='word_1_285' title='bbox 1108 3293 1225 3416; x_wconf 75' lang='lat' dir='ltr'><strong><em>domno</em></strong></span> <span class='ocrx_word' id='word_1_286' title='bbox 1242 3375 1263 3414; x_wconf 96' lang='lat' dir='ltr'><strong><em>a</em></strong></span> <span class='ocrx_word' id='word_1_287' title='bbox 1290 3350 1418 3414; x_wconf 88' lang='lat' dir='ltr'><strong><em>ostolico</em></strong></span> 
     </span>
     <span class='ocr_line' id='line_1_37' title="bbox 301 3374 1419 3522; baseline -0.001 -24"><span class='ocrx_word' id='word_1_288' title='bbox 301 3433 520 3498; x_wconf 89' lang='lat' dir='ltr'><strong><em>iureiurando</em></strong></span> <span class='ocrx_word' id='word_1_289' title='bbox 544 3433 734 3516; x_wconf 71' lang='lat' dir='ltr'><strong><em>affirmavit,</em></strong></span> <span class='ocrx_word' id='word_1_290' title='bbox 757 3436 844 3520; x_wconf 92' lang='lat' dir='ltr'><strong><em>quod</em></strong></span> <span class='ocrx_word' id='word_1_291' title='bbox 866 3433 993 3500; x_wconf 90' lang='lat' dir='ltr'><strong><em>nullum</em></strong></span> <span class='ocrx_word' id='word_1_292' title='bbox 1012 3437 1138 3518; x_wconf 91' lang='lat' dir='ltr'><strong><em>amodo,</em></strong></span> <span class='ocrx_word' id='word_1_293' title='bbox 1161 3438 1219 3522; x_wconf 89' lang='lat' dir='ltr'><strong><em>qui</em></strong></span> <span class='ocrx_word' id='word_1_294' title='bbox 1234 3374 1285 3498; x_wconf 71' lang='lat' dir='ltr'><strong><em>ad</em></strong></span> <span class='ocrx_word' id='word_1_295' title='bbox 1300 3433 1419 3498; x_wconf 89' lang='lat' dir='ltr'><strong><em>limina</em></strong></span> 
     </span>
     <span class='ocr_line' id='line_1_38' title="bbox 303 3516 1419 3605; baseline -0.002 -24"><span class='ocrx_word' id='word_1_296' title='bbox 303 3518 522 3602; x_wconf 87' lang='lat' dir='ltr'><strong><em>apostolorum</em></strong></span> <span class='ocrx_word' id='word_1_297' title='bbox 544 3519 582 3582; x_wconf 91' lang='lat' dir='ltr'><strong><em>de</em></strong></span> <span class='ocrx_word' id='word_1_298' title='bbox 605 3519 850 3605; x_wconf 88' lang='lat' dir='ltr'><strong><em>quibuscunque</em></strong></span> <span class='ocrx_word' id='word_1_299' title='bbox 872 3529 1034 3584; x_wconf 86' lang='lat' dir='ltr'><strong><em>terrarum</em></strong></span> <span class='ocrx_word' id='word_1_300' title='bbox 1058 3520 1137 3584; x_wconf 88' lang='lat' dir='ltr'><strong><em>locis</em></strong></span> <span class='ocrx_word' id='word_1_301' title='bbox 1159 3520 1340 3597; x_wconf 86' lang='lat' dir='ltr'><strong><em>tenderent,</em></strong></span> <span class='ocrx_word' id='word_1_302' title='bbox 1370 3516 1419 3580; x_wconf 89' lang='lat' dir='ltr'><strong><em>vel</em></strong></span> 
     </span>
     <span class='ocr_line' id='line_1_39' title="bbox 301 3601 1418 3690; baseline -0.002 -26"><span class='ocrx_word' id='word_1_303' title='bbox 301 3604 316 3664; x_wconf 94' lang='lat' dir='ltr'><strong><em>i</em></strong></span> <span class='ocrx_word' id='word_1_304' title='bbox 340 3623 372 3664; x_wconf 92' lang='lat' dir='ltr'><strong><em>se</em></strong></span> <span class='ocrx_word' id='word_1_305' title='bbox 398 3601 447 3664; x_wconf 90' lang='lat' dir='ltr'><strong><em>vel</em></strong></span> <span class='ocrx_word' id='word_1_306' title='bbox 475 3602 597 3686; x_wconf 86' lang='lat' dir='ltr'><strong><em>uliquis</em></strong></span> <span class='ocrx_word' id='word_1_307' title='bbox 619 3625 728 3667; x_wconf 92' lang='lat' dir='ltr'><strong><em>eorum</em></strong></span> <span class='ocrx_word' id='word_1_308' title='bbox 750 3625 829 3689; x_wconf 91' lang='lat' dir='ltr'><strong><em>quos</em></strong></span> <span class='ocrx_word' id='word_1_309' title='bbox 856 3605 1078 3689; x_wconf 80' lang='lat' dir='ltr'><strong><em>constrinqere</em></strong></span> <span class='ocrx_word' id='word_1_310' title='bbox 1096 3614 1207 3690; x_wconf 87' lang='lat' dir='ltr'><strong><em>posset</em></strong></span> <span class='ocrx_word' id='word_1_311' title='bbox 1225 3601 1418 3686; x_wconf 79' lang='lat' dir='ltr'><strong><em>prohiberet.</em></strong></span> 
     </span>
     <span class='ocr_line' id='line_1_40' title="bbox 306 3624 1418 3772; baseline -0.001 -24"><span class='ocrx_word' id='word_1_312' title='bbox 306 3624 455 3758; x_wconf 49' lang='lat' dir='ltr'><strong><em>dualiter</em></strong></span> <span class='ocrx_word' id='word_1_313' title='bbox 490 3695 596 3748; x_wconf 90' lang='lat' dir='ltr'><strong><em>autem</em></strong></span> <span class='ocrx_word' id='word_1_314' title='bbox 623 3688 769 3751; x_wconf 89' lang='lat' dir='ltr'><strong><em>iuratam</em></strong></span> <span class='ocrx_word' id='word_1_315' title='bbox 797 3687 890 3751; x_wconf 88' lang='lat' dir='ltr'><strong><em>illam</em></strong></span> <span class='ocrx_word' id='word_1_316' title='bbox 914 3690 1165 3772; x_wconf 89' lang='lat' dir='ltr'><strong><em>promissionem</em></strong></span> <span class='ocrx_word' id='word_1_317' title='bbox 1194 3687 1418 3764; x_wconf 86' lang='lat' dir='ltr'><strong><em>observaverit,</em></strong></span> 
     </span>
     <span class='ocr_line' id='line_1_41' title="bbox 303 3769 1418 3856; baseline 0.003 -26"><span class='ocrx_word' id='word_1_318' title='bbox 303 3770 395 3834; x_wconf 87' lang='lat' dir='ltr'><strong><em>nobis</em></strong></span> <span class='ocrx_word' id='word_1_319' title='bbox 428 3769 607 3832; x_wconf 87' lang='lat' dir='ltr'><strong><em>tacentibus</em></strong></span> <span class='ocrx_word' id='word_1_320' title='bbox 642 3772 719 3855; x_wconf 87' lang='lat' dir='ltr'><strong><em>ipsa</em></strong></span> <span class='ocrx_word' id='word_1_321' title='bbox 754 3794 863 3834; x_wconf 87' lang='lat' dir='ltr'><strong><em>rerum</em></strong></span> <span class='ocrx_word' id='word_1_322' title='bbox 895 3773 1024 3836; x_wconf 88' lang='lat' dir='ltr'><strong><em>indicia</em></strong></span> <span class='ocrx_word' id='word_1_323' title='bbox 1058 3773 1285 3856; x_wconf 87' lang='lat' dir='ltr'><strong><em>manifestant.</em></strong></span> <span class='ocrx_word' id='word_1_324' title='bbox 1327 3769 1418 3854; x_wconf 78' lang='lat' dir='ltr'><strong><em>Iquo</em></strong></span> 
     </span>
     <span class='ocr_line' id='line_1_42' title="bbox 298 3851 1418 3940; baseline -0.001 -25"><span class='ocrx_word' id='word_1_325' title='bbox 298 3862 434 3940; x_wconf 85' lang='lat' dir='ltr'><strong><em>praeter</em></strong></span> <span class='ocrx_word' id='word_1_326' title='bbox 468 3851 560 3918; x_wconf 90' lang='lat' dir='ltr'><strong><em>illam</em></strong></span> <span class='ocrx_word' id='word_1_327' title='bbox 594 3876 678 3937; x_wconf 89' lang='lat' dir='ltr'><strong><em>quae</em></strong></span> <span class='ocrx_word' id='word_1_328' title='bbox 711 3864 740 3917; x_wconf 91' lang='lat' dir='ltr'><strong><em>et</em></strong></span> <span class='ocrx_word' id='word_1_329' title='bbox 769 3855 808 3918; x_wconf 88' lang='lat' dir='ltr'><strong><em>ab</em></strong></span> <span class='ocrx_word' id='word_1_330' title='bbox 843 3857 991 3940; x_wconf 89' lang='lat' dir='ltr'><strong><em>antiquis</em></strong></span> <span class='ocrx_word' id='word_1_331' title='bbox 1017 3857 1174 3940; x_wconf 89' lang='lat' dir='ltr'><strong><em>patribus</em></strong></span> <span class='ocrx_word' id='word_1_332' title='bbox 1207 3865 1236 3920; x_wconf 87' lang='lat' dir='ltr'><strong><em>et</em></strong></span> <span class='ocrx_word' id='word_1_333' title='bbox 1266 3879 1288 3918; x_wconf 93' lang='lat' dir='ltr'><strong><em>a</em></strong></span> <span class='ocrx_word' id='word_1_334' title='bbox 1312 3863 1418 3918; x_wconf 89' lang='lat' dir='ltr'><strong><em>vestra</em></strong></span> 
     </span>
     <span class='ocr_line' id='line_1_43' title="bbox 303 3938 1420 4025; baseline -0.002 -24"><span class='ocrx_word' id='word_1_335' title='bbox 303 3939 473 4025; x_wconf 83' lang='lat' dir='ltr'><strong><em>sanctitate</em></strong></span> <span class='ocrx_word' id='word_1_336' title='bbox 510 3939 547 4001; x_wconf 91' lang='lat' dir='ltr'><strong><em>in</em></strong></span> <span class='ocrx_word' id='word_1_337' title='bbox 584 3938 772 4002; x_wconf 85' lang='lat' dir='ltr'><strong><em>buiusmodi</em></strong></span> <span class='ocrx_word' id='word_1_338' title='bbox 804 3942 1090 4024; x_wconf 88' lang='lat' dir='ltr'><strong><em>praevaricatores</em></strong></span> <span class='ocrx_word' id='word_1_339' title='bbox 1121 3939 1337 4025; x_wconf 81' lang='lat' dir='ltr'><strong><em>promulqata</em></strong></span> <span class='ocrx_word' id='word_1_340' title='bbox 1375 3946 1420 4001; x_wconf 90' lang='lat' dir='ltr'><strong><em>est</em></strong></span> 
     </span>
     <span class='ocr_line' id='line_1_44' title="bbox 303 4021 1418 4108; baseline -0.001 -23"><span class='ocrx_word' id='word_1_341' title='bbox 303 4024 522 4102; x_wconf 76' lang='lat' dir='ltr'><strong><em>seutentiam0,</em></strong></span> <span class='ocrx_word' id='word_1_342' title='bbox 552 4023 820 4107; x_wconf 75' lang='lat' dir='ltr'><strong><em>archiepiscopus</em></strong></span> <span class='ocrx_word' id='word_1_343' title='bbox 846 4024 1062 4108; x_wconf 75' lang='lat' dir='ltr'><strong><em>Mapontinus</em></strong></span> <span class='ocrx_word' id='word_1_344' title='bbox 1088 4028 1251 4090; x_wconf 89' lang='lat' dir='ltr'><strong><em>maiorum</em></strong></span> <span class='ocrx_word' id='word_1_345' title='bbox 1273 4045 1361 4086; x_wconf 82' lang='lat' dir='ltr'><strong><em>secem</em></strong></span> <span class='ocrx_word' id='word_1_346' title='bbox 1384 4021 1418 4084; x_wconf 93' lang='lat' dir='ltr'><strong><em>la</em></strong></span> 
     </span>
     <span class='ocr_line' id='line_1_45' title="bbox 302 4045 1418 4193; baseline -0.001 -24"><span class='ocrx_word' id='word_1_347' title='bbox 302 4115 445 4187; x_wconf 87' lang='lat' dir='ltr'><strong><em>secutus,</em></strong></span> <span class='ocrx_word' id='word_1_348' title='bbox 485 4107 652 4170; x_wconf 87' lang='lat' dir='ltr'><strong><em>adiunctis</em></strong></span> <span class='ocrx_word' id='word_1_349' title='bbox 681 4105 743 4170; x_wconf 85' lang='lat' dir='ltr'><strong><em>sibi</em></strong></span> <span class='ocrx_word' id='word_1_350' title='bbox 772 4108 935 4193; x_wconf 87' lang='lat' dir='ltr'><strong><em>episcopis</em></strong></span> <span class='ocrx_word' id='word_1_351' title='bbox 971 4131 1105 4173; x_wconf 87' lang='lat' dir='ltr'><strong><em>nume-ro</em></strong></span> <span class='ocrx_word' id='word_1_352' title='bbox 1137 4118 1271 4193; x_wconf 89' lang='lat' dir='ltr'><strong><em>septem,</em></strong></span> <span class='ocrx_word' id='word_1_353' title='bbox 1302 4045 1418 4192; x_wconf 71' lang='lat' dir='ltr'><strong><em>quibus</em></strong></span> 
     </span>
    </p>
   </div>
   <div class='ocr_carea' id='block_1_3' title="bbox 304 4229 1326 4394">
    <p class='ocr_par' dir='ltr' id='par_1_3' title="bbox 304 4229 1326 4394">
     <span class='ocr_line' id='line_1_46' title="bbox 304 4229 1326 4286; baseline 0 -15"><span class='ocrx_word' id='word_1_354' title='bbox 304 4231 327 4283; x_wconf 80' lang='lat' dir='ltr'><strong><em>s)</em></strong></span> <span class='ocrx_word' id='word_1_355' title='bbox 345 4233 479 4272; x_wconf 73' lang='lat' dir='ltr'><strong><em>altariorum</em></strong></span> <span class='ocrx_word' id='word_1_356' title='bbox 496 4234 515 4272; x_wconf 90' lang='lat'><strong><em>1.</em></strong></span> <span class='ocrx_word' id='word_1_357' title='bbox 578 4229 601 4282; x_wconf 91' lang='lat' dir='ltr'><strong><em>b)</em></strong></span> <span class='ocrx_word' id='word_1_358' title='bbox 615 4233 647 4271; x_wconf 82' lang='lat' dir='ltr'><strong><em>ita</em></strong></span> <span class='ocrx_word' id='word_1_359' title='bbox 664 4233 688 4281; x_wconf 75' lang='lat'><strong><em>23</em></strong></span> <span class='ocrx_word' id='word_1_360' title='bbox 705 4243 748 4272; x_wconf 83' lang='lat' dir='ltr'><strong><em>nso</em></strong></span> <span class='ocrx_word' id='word_1_361' title='bbox 763 4233 817 4272; x_wconf 84' lang='lat' dir='ltr'><strong><em>illos</em></strong></span> <span class='ocrx_word' id='word_1_362' title='bbox 834 4235 855 4274; x_wconf 89' lang='lat'><strong><em>1.</em></strong></span> <span class='ocrx_word' id='word_1_363' title='bbox 915 4233 936 4286; x_wconf 86' lang='lat' dir='ltr'><strong><em>a)</em></strong></span> <span class='ocrx_word' id='word_1_364' title='bbox 953 4235 1008 4274; x_wconf 79' lang='lat' dir='ltr'><strong><em>deest</em></strong></span> <span class='ocrx_word' id='word_1_365' title='bbox 1025 4237 1045 4274; x_wconf 91' lang='lat'><strong><em>1.</em></strong></span> <span class='ocrx_word' id='word_1_366' title='bbox 1062 4237 1089 4284; x_wconf 75' lang='lat'><strong><em>23</em></strong></span> <span class='ocrx_word' id='word_1_367' title='bbox 1105 4235 1210 4285; x_wconf 79' lang='lat' dir='ltr'><strong><em>supplevit</em></strong></span> <span class='ocrx_word' id='word_1_368' title='bbox 1226 4234 1326 4273; x_wconf 75' lang='lat' dir='ltr'><strong><em>Ecktart.</em></strong></span> 
     </span>
     <span class='ocr_line' id='line_1_47' title="bbox 307 4310 1029 4394; baseline 0.01 -20"><span class='ocrx_word' id='word_1_369' title='bbox 307 4325 335 4392; x_wconf 85' lang='lat'><strong><em>1)</em></strong></span> <span class='ocrx_word' id='word_1_370' title='bbox 356 4327 446 4377; x_wconf 71' lang='lat' dir='ltr'><strong><em>Messe</em></strong></span> <span class='ocrx_word' id='word_1_371' title='bbox 468 4326 609 4378; x_wconf 72' lang='lat' dir='ltr'><strong><em>vovemus</em></strong></span> <span class='ocrx_word' id='word_1_372' title='bbox 628 4345 652 4377; x_wconf 73' lang='lat' dir='ltr'><strong><em>a.</em></strong></span> <span class='ocrx_word' id='word_1_373' title='bbox 675 4329 758 4392; x_wconf 76' lang='lat' dir='ltr'><strong><em>1o⁷s3</em></strong></span> <span class='ocrx_word' id='word_1_374' title='bbox 778 4346 803 4379; x_wconf 72' lang='lat' dir='ltr'><strong><em>s.</em></strong></span> <span class='ocrx_word' id='word_1_375' title='bbox 823 4310 907 4394; x_wconf 58' lang='lat' dir='ltr'><strong><em>sipla</em></strong></span> <span class='ocrx_word' id='word_1_376' title='bbox 926 4346 947 4380; x_wconf 72' lang='lat'><strong><em>0.</em></strong></span> <span class='ocrx_word' id='word_1_377' title='bbox 969 4332 1029 4382; x_wconf 88' lang='lat' dir='ltr'><strong><em>1os.</em></strong></span> 
     </span>
    </p>
   </div>
   <div class='ocr_carea' id='block_1_4' title="bbox 0 0 1556 4818">
    <p class='ocr_par' dir='ltr' id='par_1_4' title="bbox 0 0 1556 4818">
     <span class='ocr_line' id='line_1_48' title="bbox 0 0 1556 4818; baseline 0 0"><span class='ocrx_word' id='word_1_378' title='bbox 0 0 1556 4818; x_wconf 95' lang='lat' dir='ltr'><strong><em> </em></strong></span> 
     </span>
    </p>
   </div>
  </div>
 </body>
</html>
