3114 4814
311 345 360 396 Du
380 345 538 396 uulnera
558 345 764 397 ECCLESIAE
785 345 1062 400 CONSERVANDA.
1200 347 1252 398 10⁷

130 515 281 580 statcnsis
315 515 486 600 episcopus
522 511 686 594 ecclesiae,
724 514 778 600 qui
810 535 869 600 pro
901 513 1050 580 mercede
1086 516 1254 581 suscitavit

130 599 318 664 diuturnum
348 608 379 664 et
407 620 505 683 grave
533 596 651 662 bellum
681 596 856 680 Saxonum,
889 598 1127 685 Thuringorum
1155 608 1253 686 atque

133 682 341 748 Suevorum?
377 681 529 762 Quicum
551 682 725 767 praecipue
748 692 874 746 stante
897 703 1008 746 omnes
1029 683 1063 748 in
1084 683 1146 748 boc
1168 694 1253 750 esset

130 766 250 847 studio,
287 776 322 832 ut
353 788 463 852 regem
492 765 667 851 deponeret
694 788 714 830 a
740 787 850 850 regno,
881 767 937 853 qui
964 789 1038 831 eum
1068 767 1253 834 sublimavit

129 849 308 938 episcopali
327 851 467 935 fastigio,
490 851 618 916 occisus
633 859 682 916 est
703 850 832 915 tandem
848 848 1015 916 Goslariee
1037 854 1137 916 esuis
1151 875 1253 939 popu·

128 935 253 1000 laribus
282 937 315 1000 in
366 936 483 999 uadam
511 935 723 1015 contentione,
754 955 836 1021 quae
857 936 940 1000 inter
960 938 1050 1022 ipsos
1073 937 1180 1002 hostes
1202 936 1253 1003 vel

130 1019 287 1086 ecclesiae
319 957 371 1084 viel
403 1019 450 1083 rei
476 1018 625 1105 publicae
651 1019 737 1084 facta
764 1028 812 1083 est
843 1041 908 1084 non
940 1022 1009 1084 sine
1041 1019 1252 1106 plurimorum

129 1105 299 1189 sanguine,
331 1105 366 1168 in
395 1103 509 1169 diebus
547 1102 668 1168 scilicet
702 1103 861 1189 passionis
897 1103 1089 1187 dominicae,
1122 1105 1251 1192 quando

129 1190 249 1254 iterum
271 1197 381 1253 contra
402 1187 573 1254 ecclesiam
594 1186 645 1252 vel
660 1197 771 1252 contra
784 1209 853 1252 rem
868 1186 1031 1274 publicam
1047 1188 1253 1256 celebrabant

129 1271 356 1338 conventicula
377 1294 445 1355 sua,
468 1293 551 1358 quaa
573 1271 675 1336 solent
696 1273 793 1337 etiam
814 1271 920 1336 adbuc
965 1295 1000 1337 er
1021 1272 1163 1358 singulos
1185 1274 1251 1340 fere

131 1379 260 1424 menses
285 1357 401 1439 facere,
432 1378 505 1420 cum
535 1378 600 1422 non
633 1365 778 1442 oporteat
805 1357 869 1420 nisi
897 1295 1063 1442 publicum
1085 1357 1155 1422 fieri
1177 1380 1252 1423 con·

129 1441 244 1506 cilium
265 1452 397 1528 propter
417 1442 573 1508 unitatem
595 1440 646 1506 vel
667 1440 821 1506 ecclesiae
842 1439 895 1505 vel
914 1442 962 1506 rei
983 1441 1149 1527 publicae3
1172 1465 1250 1542 quo-

129 1528 229 1591 niam
248 1550 339 1592 ornae
367 1548 402 1590 re
427 1550 505 1591 aunt
533 1529 571 1592 ia
598 1549 631 1590 ee
659 1527 731 1610 ipae
761 1526 903 1591 diuinum
929 1527 1139 1607 desolabitur,
1169 1536 1406 1602 mentensium.

130 1613 167 1674 in
182 1609 349 1697 euangelio
365 1549 562 1676 adalvatore
576 1618 686 1674 nostro
702 1609 828 1676 dicitur.
851 1609 912 1673 En
928 1609 1045 1674 iterum
1061 1609 1253 1677 deecclesia

130 1717 192 1760 sua
217 1695 360 1782 loquitur
388 1706 420 1761 et
447 1694 489 1759 ed
518 1716 573 1759 eos
602 1695 658 1780 qui
680 1703 753 1758 sunt
773 1695 808 1757 in
829 1692 965 1759 ecclesia
985 1693 1135 1780 loquitur,
1157 1705 1201 1778 ut,
1224 1698 1252 1760 si

131 1781 144 1843 i
169 1781 197 1844 si
212 1778 385 1844 concordes
406 1779 532 1861 fuerint,
555 1779 583 1842 si
603 1776 781 1842 secundum
803 1776 891 1864 quod
910 1778 1075 1844 mandavit
1095 1791 1128 1844 et
1142 1779 1253 1846 docuit

155 1885 197 1928 uo
219 1875 275 1929 aut
295 1874 359 1928 tres
381 1861 504 1928 collecti
526 1863 717 1926 unanimiter
739 1861 907 1942 oraverint,
934 1863 1106 1947 impetrare
1127 1865 1252 1948 possint

131 1949 173 2014 de
195 1948 259 2012 Dei
280 1949 446 2012 maiestate
469 1946 555 2036 quod
576 1944 748 2032 postulant,
771 1945 835 2009 duo
856 1955 913 2010 aut
934 1956 1000 2010 tres
1022 1946 1097 2011 licet
1111 1949 1188 2012 sint:
1211 1947 1253 2014 St

133 2033 271 2115 duobus,
300 2033 414 2118 inquit,
445 2054 485 2096 ecc
514 2032 603 2096 uobis
632 2032 817 2096 convenerit
842 2031 879 2095 in
906 2039 997 2095 terra
1024 2033 1064 2096 de
1094 2034 1183 2096 omni
1204 2029 1377 2130 raffffffi

131 2140 358 2203 quamcunque
376 2117 549 2200 petieritis,
571 2117 682 2180 contin
707 2124 736 2178 et
756 2115 847 2178 uobis
876 2137 896 2178 a
916 2115 1113 2198 Patremeo,
1136 2119 1251 2202 quiin
1292 2117 1298 2140 ’
1335 2117 1341 2129 '
1379 2116 1385 2130 ’

129 2201 232 2268 caelis
254 2212 309 2266 est.
353 2201 540 2285 Ubicunque
561 2202 647 2264 enim
658 2137 795 2284 derint
816 2200 881 2264 duo
905 2208 964 2262 aut
985 2210 1049 2266 tres
1071 2200 1193 2266 collecti
1213 2204 1251 2266 ia

130 2289 261 2352 nornine
289 2308 367 2367 naec,
397 2308 454 2384 epo
483 2309 553 2350 cuna
582 2286 628 2348 eis
654 2307 735 2349 sura.
776 2283 864 2348 Ecce
891 2285 1134 2350 unanimitatem
1162 2285 1251 2371 prius

129 2371 250 2518 posuit,
273 2369 479 2434 concordiam
501 2369 593 2518 pacis
613 2378 687 2433 ante
708 2368 883 2515 praemisit,
905 2377 942 2432 ut
958 2367 1127 2434 conveniat
1147 2368 1251 2450 nobis,

158 2454 272 2519 daliter
292 2464 324 2518 et
345 2454 478 2518 firmiter
523 2453 619 2516 ocuit.
653 2451 706 2516 Un
730 2475 748 2516 e
770 2463 802 2515 et
824 2451 1008 2538 Cyprianus
1031 2455 1251 2539 episcopusin

133 2538 218 2603 libro
239 2539 278 2604 de
299 2539 421 2602 unitata
444 2535 622 2602 catholicae
643 2534 837 2601 ecclesiae¹:
861 2551 996 2613 Quomodo
1017 2561 1113 2615 autem,
1135 2539 1251 2625 inquit,

128 2635 218 2697 potest
235 2631 259 2682 ci
277 2647 336 2681 cuca
355 2628 444 2694 aliquo
465 2625 612 2692 conuenire,
633 2625 677 2677 cui
695 2643 754 2678 cuna
773 2641 882 2690 corpore
900 2624 986 2690 ipsius
1006 2625 1129 2678 ecelesiae
1151 2635 1252 2680 etcum

130 2703 260 2755 uniuersa
271 2703 446 2768 fraternitate
464 2719 519 2754 noa
538 2697 677 2753 conuenit?
716 2699 852 2760 Quomodo
874 2704 987 2764 possunt
1012 2699 1065 2749 duo
1086 2709 1133 2750 aut
1153 2709 1204 2752 tres
1222 2701 1252 2753 ia

132 2776 237 2828 aeneiae
257 2776 353 2828 carust
372 2776 468 2844 coltiqi,
488 2791 552 2841 quos
572 2779 669 2825 constet
687 2791 706 2823 a
725 2771 826 2824 Christo
846 2778 869 2823 et
889 2771 921 2822 ab
940 2771 997 2822 eius
1018 2773 1155 2840 euontyelio
1175 2791 1251 2839 sepa-

131 2849 213 2901 rari?
246 2850 308 2901 Noa
321 2850 389 2900 caina
401 2867 449 2901 nos
462 2849 495 2900 ab
508 2849 571 2912 illis,
590 2848 638 2899 ced
655 2844 697 2897 illi
716 2864 734 2896 a
751 2844 826 2897 nobie
844 2851 1017 2908 recesserunt,
1037 2853 1061 2896 et
1079 2861 1138 2898 cunt
1150 2847 1252 2899 hereses

133 2939 158 2985 ct
172 2932 296 2983 sciaenae
310 2933 478 2998 postmodnm
496 2937 564 2982 nata
576 2930 637 2995 siat,
657 2929 721 2980 dum
735 2929 924 2991 conventicula,
945 2913 1060 2999 inquit,
1081 2926 1132 2980 eibi
1144 2929 1253 2980 diuersa

132 3004 303 3069 constituenti,
322 3005 442 3057 ueritatis
460 3013 540 3071 caput
559 3011 637 3070 atque
651 3001 778 3070 napinam
791 3002 961 3066 reliquerunt.
994 3001 1102 3070 Iqitnr⁸
1122 3019 1181 3053 cuna
1193 3001 1251 3055 Deo

132 3096 241 3130 manere
268 3097 323 3129 noa
346 3085 468 3144 poscunt,
498 3077 544 3144 qai
572 3093 627 3128 esse
657 3076 687 3127 ia
718 3075 828 3128 ecelesia
855 3075 909 3127 Dei
935 3077 1074 3129 unanimes
1102 3077 1252 3131 noluerunt.

133 3151 256 3204 Ardeunt
279 3152 338 3204 licet
353 3152 471 3217 flammis
497 3161 521 3203 et
543 3151 648 3218 iqaihue
671 3149 765 3200 traditi
788 3149 831 3200 ael
848 3149 940 3200 obiecti
958 3151 1045 3202 bestiis
1065 3149 1169 3201 animas
1188 3167 1253 3202 suas

128 3234 244 3292 ponant,
267 3243 322 3276 noa
347 3225 397 3276 erit
419 3226 469 3276 tuo
485 3225 554 3292 fidei
577 3239 682 3289 corona,
706 3223 753 3275 sed
776 3239 864 3288 poena
884 3224 1024 3289 perfidiae,
1042 3241 1091 3275 aec
1113 3222 1253 3288 redipiosae

133 3307 240 3362 uirtutis
264 3309 350 3360 caitus
377 3305 523 3376 ploaioaua,
547 3307 594 3358 sed
621 3304 812 3370 desperationis
840 3305 970 3356 interitus.
1012 3304 1110 3369 Occidi,
1138 3291 1253 3376 inquit,

134 3389 196 3442 toln
210 3396 305 3456 potest,
326 3389 450 3441 coronari
466 3405 520 3440 non
530 3395 627 3456 potest.
658 3373 747 3458 Ergo
762 3381 838 3459 post
850 3372 1006 3437 tredecim
1020 3395 1061 3436 ex
1087 3373 1253 3457 editiones,

134 3457 252 3546 quibus
279 3468 391 3521 contra
421 3477 531 3541 regem
563 3455 699 3521 eundem
725 3480 765 3522 ue
796 3458 1022 3542 imperatorem
1086 3457 1253 3522 enricbum

134 3565 174 3607 su
198 3541 341 3605 radiatus
367 3539 561 3604 militaverat
589 3541 715 3606 Burcar
738 3564 785 3625 us,
815 3562 909 3626 quem
941 3561 1000 3604 nos
1031 3541 1094 3627 ipsi
1125 3562 1253 3630 quoque

134 3563 275 3692 vidimus
298 3647 372 3690 cum
393 3623 449 3688 illo
470 3623 766 3711 Magadaburgensi
787 3624 944 3710 Hartvigo
966 3625 1000 3688 in
1021 3626 1144 3705 castris,
1193 3649 1254 3692 uae

128 3720 311 3797 posuerant
338 3709 485 3775 Saxones
512 3720 610 3794 atque
636 3709 796 3794 Thuringi
822 3709 865 3774 ad
890 3708 998 3774 locum
1023 3709 1171 3775 Herosfel
1196 3713 1254 3794 aa,

134 3796 220 3861 sicut
240 3815 339 3881 supra
359 3795 425 3858 iam
446 3793 598 3874 diximus,
644 3793 749 3857 nando
769 3805 981 3879 perrexerunt
1008 3795 1042 3858 in
1068 3795 1254 3860 orientalem

135 3880 306 3944 Franciam
328 3879 370 3943 ad
391 3876 585 3964 patrandum
607 3877 615 3892 ‘
641 3877 686 3942 ud
708 3879 793 3942 circa
804 3877 992 3963 Wirziburg
1012 3900 1149 3965 magnae
1171 3880 1254 3944 occi·

135 3965 235 4030 sionis
264 3962 378 4046 scelus,
408 3971 482 4050 post
509 3961 598 4044 haec,
627 3963 770 4048 inquam,
798 3963 923 4027 occisus
946 3971 1014 4028 est⁴
1041 3963 1075 4026 in
1097 3963 1253 4028 seditione

137 4127 167 4196 1)
196 4128 238 4180 of.
265 4129 394 4195 Cypriani
423 4129 513 4194 Opera
539 4143 566 4194 p.
592 4126 654 4177 220.
693 4125 763 4176 inde
793 4127 873 4176 etiam
898 4127 1031 4177 Matthaei
1059 4128 1105 4192 qui
1133 4126 1253 4192 sequitur

128 4203 222 4265 locus,
254 4219 271 4253 a
298 4201 434 4268 vulgatae
465 4199 556 4252 verbis
587 4201 659 4251 haud
691 4215 784 4267 parum
819 4199 984 4266 discrepans,
1016 4199 1170 4266 depromtns
1203 4203 1253 4250 est.

129 4273 167 4342 =2)
195 4276 313 4329 Ibidem.
399 4272 427 4342 3)
452 4274 559 4326 Ibidem
582 4291 609 4340 p.
632 4273 694 4324 223.
781 4270 812 4340 4)
837 4273 898 4323 Hoc
923 4272 984 4323 loco
1009 4288 1062 4323 non
1091 4287 1253 4324 commemo·

136 4355 220 4413 ratur,
249 4350 398 4415 Egbertnm
425 4348 495 4399 hanc
514 4347 673 4400 seditionem
699 4347 823 4409 movisse,
844 4361 1005 4412 quamquam
1031 4361 1055 4397 c.
1075 4347 1118 4399 35.
1143 4346 1253 4398 dicitur:
