3116 4822
297 426 333 475 30
480 425 530 474 DE
550 423 708 475 UNITATE
728 423 934 475 EGOLESIAE
955 423 1232 474 CONSERVANDA.

297 593 402 658 Omne
417 592 502 657 enim
518 591 640 656 bonum
655 601 710 656 aut
725 591 816 655 Deus
837 601 893 655 aut
908 613 950 654 ex
964 590 1036 654 Deo
1051 597 1114 672 est3
1136 599 1278 674 potestas
1300 597 1419 670 autem,

298 676 448 763 quoniam
472 697 514 739 ex
529 675 602 739 Deo
624 687 682 756 est,
704 677 816 761 utique
838 674 923 738 bona
945 683 1002 755 est,
1026 674 1111 738 unde
1134 683 1166 738 et
1187 677 1245 760 qni
1262 677 1421 756 potestati

147 783 286 836 nomana
297 763 429 840 resistit,
452 760 518 824 Dei
533 760 738 824 ordinationi
751 761 880 840 resistit,
904 761 987 823 sicut
1001 755 1168 842 apostolus
1182 759 1237 822 ait.
1270 755 1344 820 Non
1365 757 1418 822 hic

299 853 384 909 certe
406 845 513 929 agitur
535 841 717 924 dotalibus,
740 843 912 928 dequibus
930 865 989 928 per
1002 842 1191 928 prophetam
1214 840 1293 905 dicit
1307 841 1420 904 Domi·

150 950 369 1002 assensimus:
392 929 465 1013 Ipsi
485 939 716 1014 manaverant,
739 937 768 990 et
788 951 855 992 non
877 949 917 990 aa
935 949 1001 1006 rne,·
1024 927 1150 990 indices
1166 927 1368 1005 asstiterant,
1391 935 1419 988 et

297 1036 363 1077 non
379 1014 525 1096 copnooi.
559 1013 635 1076 Non
655 1013 802 1098 coqnooi,
824 1011 936 1096 inquit,
960 1010 1053 1096 quasi
1068 1009 1204 1074 diceret:
1227 1007 1417 1093 reprobavi;

297 1096 359 1160 Dei
381 1097 467 1160 enim
488 1097 612 1159 nescire
632 1095 695 1159 hoc
713 1103 761 1159 est
781 1095 964 1180 reprobare.
995 1095 1212 1158 Veruntamen
1226 1115 1291 1157 non
1305 1115 1339 1157 re
1386 1115 1419 1157 a·

295 1189 411 1244 verunt
440 1202 481 1244 ex
510 1179 592 1259 Deo,
625 1180 681 1265 qui
707 1200 843 1261 regnum
876 1178 1079 1262 arripuerunt
1109 1178 1280 1262 superstite
1312 1199 1332 1240 a
1356 1177 1419 1241 huc

294 1286 371 1349 rege
400 1285 468 1342 suo,
499 1263 554 1349 qui
582 1284 641 1346 pro
669 1262 815 1346 patribus
843 1265 910 1325 suis
941 1263 1093 1325 successit
1121 1262 1154 1323 in
1184 1283 1319 1344 regnum
1342 1261 1418 1325 'iure

295 1346 498 1428 hereditario,
532 1347 617 1432 quod
645 1346 715 1409 fieri
741 1368 807 1410 non
859 1355 943 1410 osset
969 1347 1032 1408 nisi
1060 1345 1183 1410 aDeo.
1228 1345 1303 1408 Duo
1331 1347 1417 1408 enim

295 1444 419 1516 reges1,
449 1453 532 1495 unus
560 1439 634 1516 post
660 1452 771 1512 unum,
798 1368 962 1494 substituti
984 1437 1057 1492 sunt
1078 1429 1194 1494 nostris
1216 1427 1417 1514 temporibus

295 1537 315 1578 a
336 1524 427 1600 parte
449 1514 632 1612 principum
654 1525 686 1578 et
731 1523 832 1578 artem
854 1513 945 1598 regni
967 1522 1148 1594 tenuerunt,
1172 1521 1204 1577 et
1218 1535 1283 1576 nou
1297 1521 1416 1596 totum;

297 1598 384 1684 quod
413 1597 535 1662 scilicet
564 1596 684 1662 ‘totum’
707 1537 808 1664 babet
834 1619 986 1682 magnum
1002 1597 1144 1694 'pietatis
1173 1598 1362 1682 mysterium
1384 1599 1418 1661 in

164 1687 215 1728 Act·
228 1686 248 1738 ⁵›
258 1687 285 1729 ³⁸
296 1683 418 1746 unitate
445 1679 598 1747 fidelium.
643 1681 708 1746 Sed
737 1680 895 1768 quiahoc
921 1681 1090 1745 consllium
1118 1691 1150 1745 et
1176 1680 1237 1744 hoc
1268 1702 1348 1764 opus
1376 1703 1418 1746 ex

197 1747 262 1786 '³⁹'
295 1765 478 1831 hominibus
499 1776 576 1847 erat,
599 1764 790 1830 dissolutum
813 1774 872 1846 est,
895 1765 980 1852 quod
1003 1787 1045 1828 ex
1060 1765 1131 1828 Deo
1153 1786 1218 1828 non
1240 1775 1318 1848 erat,
1340 1787 1417 1850 quo-

294 1851 381 1913 niam
408 1857 482 1936 post
513 1851 611 1915 breve
640 1851 793 1935 temporis
824 1851 962 1934 spatium
996 1851 1099 1934 ipsam
1133 1871 1197 1934 quo
1223 1871 1262 1912 ue
1290 1858 1416 1934 partem

294 1935 387 2018 regni
418 1935 547 2019 utrique
580 1935 764 2013 amiserunt,
798 1945 829 1999 et
858 1955 940 1996 unus
968 1933 1002 1996 in
1031 1931 1162 2020 proelio,
1193 1871 1273 1996 silter
1299 1935 1332 1995 in
1362 1956 1416 1998 ex·

294 2019 492 2103 pugnatione
521 2017 615 2080 unius
645 2017 766 2082 castelli
792 2015 1016 2082 miserabiliter
1041 2018 1215 2102 perierunt,
1244 2019 1416 2102 superstite

295 2124 332 2166 eo
366 2103 429 2200 eui·
443 2109 585 2201 potestas
615 2097 689 2166 data
716 2111 764 2164 est
793 2125 813 2164 a
841 2102 923 2181 Dec,
953 2122 1049 2246 ‹puam
1078 2100 1199 2164 scilicet
1225 2109 1416 2186 potestatem

294 2207 354 2250 nec
381 2206 544 2270 prmctpes
572 2205 632 2248 nec
659 2183 797 2270 populus
819 2185 919 2269 partis
941 2183 964 2246 il
977 2185 1026 2247 ius
1048 2183 1221 2249 dissolvere
1244 2195 1417 2270 potuerunt

294 2268 359 2332 ullo
392 2268 499 2350 modo,
533 2267 793 2354 quandoquidem
830 2269 894 2353 ipsi
927 2290 1056 2354 quoque
1091 2270 1161 2352 regi
1194 2270 1318 2354 possint
1351 2270 1414 2332 iam

295 2353 434 2416 donante
457 2353 529 2416 Deo
557 2351 615 2414 filii
644 2353 815 2416 succedere
843 2353 878 2416 in
903 2375 1048 2438 regnum,
1078 2353 1249 2437 sicutipse
1270 2354 1416 2437 patribus

295 2437 361 2500 suis
388 2437 541 2500 successit
571 2437 605 2498 in
631 2457 776 2521 regnum.
820 2436 940 2521 ‘Ergo²
972 2439 1076 2500 omnis
1106 2445 1263 2522 potestas„
1288 2458 1370 2522 quae
1396 2461 1416 2502 a

296 2521 366 2585 Deo
389 2530 445 2601 est,
468 2520 580 2605 utique
602 2519 688 2584 bona
703 2531 761 2602 est,
784 2542 881 2605 quam
903 2519 1016 2584 tribuit
1030 2521 1121 2584 Deus
1144 2520 1238 2584 bonis
1260 2529 1291 2584 et
1312 2521 1416 2604 malis,

295 2615 331 2674 ut
352 2604 414 2688 ipsi
424 2603 552 2751 placet,
582 2605 634 2668 cui
656 2605 734 2668 nihil
756 2605 874 2669 iniuste
895 2603 1041 2691 placet'ss.
1087 2603 1181 2669 Certe
1202 2603 1416 2688 Nabuchodo-

294 2709 391 2751 nosor
447 2689 541 2752 icitur
573 2688 606 2751 in
638 2687 721 2753 libro
744 2688 890 2753 Danielis
919 2688 1095 2774 prophetae
1127 2711 1186 2752 rex
1214 2689 1351 2753 iniustus
1385 2699 1417 2755 et

294 2771 378 2836 ultra
407 2794 533 2836 omnem
560 2780 679 2836 terram
708 2774 837 2858 impius,
867 2782 899 2836 et
926 2783 1034 2836 tamen
1064 2773 1116 2836 hic
1143 2772 1215 2836 talis
1245 2770 1416 2838 Nabucho-

295 2855 444 2938 donosor,
467 2856 507 2920 de
530 2858 622 2920 cuius
644 2858 740 2921 etiam
763 2858 891 2920 interitu
913 2855 1013 2920 multa
1027 2855 1185 2920 horrenda
1200 2857 1417 2922 vaticinantur

318 2963 353 3004 er
367 2939 543 3026 prophetas
559 2940 702 3022 Domini,
717 2939 779 3022 hic,
795 2940 927 3024 inquam
934 2949 956 3020 ἃ,
979 2939 1098 3004 dicitur
1113 2962 1132 3003 a
1146 2940 1287 3005 Domino
1305 2963 1416 3006 servus

294 2962 368 3104 bei,
390 3045 454 3088 non
477 3024 559 3087 sicut
580 3023 756 3109 prophetae
778 3033 809 3087 et
832 3045 941 3086 omnes
964 3025 1075 3104 sancti,
1099 3025 1153 3109 qui
1176 3046 1251 3088 vere
1274 3027 1419 3091 serviunt

294 3107 446 3190 Domino,
469 3106 525 3171 sed
548 3105 635 3192 quod
656 3109 689 3170 in
712 3107 877 3172 eversione
898 3106 1100 3172 Hierusalem
1116 3109 1249 3172 Domini
1272 3111 1419 3176 servierit

295 3190 467 3273 voluntati,
505 3191 545 3254 de
580 3213 643 3275 quo
682 3192 728 3254 sic
764 3188 883 3276 legitur
914 3193 948 3254 in
981 3193 1146 3256 Hieremia.
1181 3191 1339 3278 propheta
1375 3217 1418 3258 ex

133 3303 285 3356 nasus-s.
297 3297 442 3340 sermone
470 3273 622 3339 Domini:
652 3277 735 3360 Epo,
764 3276 876 3360 inquit,
907 3277 984 3340 decii
1006 3299 1113 3340 ornnes
1141 3286 1247 3340 terras
1275 3280 1416 3342 istosin

295 3384 398 3424 mann
420 3359 725 3423 Nabuchodonosor
746 3363 834 3444 repis
857 3360 1052 3447 Babylonis,
1076 3363 1162 3424 servi
1183 3363 1256 3443 rnei,
1279 3363 1417 3448 insuper
1541 3407 1542 3420 ,

296 3454 325 3509 et
347 3445 466 3509 bestias
489 3445 568 3526 apri
590 3443 664 3506 dedi
685 3445 725 3524 ei,
749 3452 784 3506 at
805 3445 950 3506 serviant
971 3443 1032 3526 illi,
1054 3453 1082 3507 et
1103 3447 1243 3509 servient
1264 3449 1294 3511 ei
1310 3468 1417 3510 omnes
1440 3511 1441 3514 ,
1541 3467 1542 3500 t

296 3537 405 3613 pentes
428 3536 456 3590 ot
470 3527 544 3610 filio
567 3529 637 3590 eins
660 3535 688 3588 et
702 3527 778 3608 filio
792 3526 864 3608 fita·
878 3531 966 3609 eias‚·
988 3550 1068 3613 qens
1092 3537 1198 3593 antern
1221 3539 1249 3594 et
1268 3552 1416 3614 reponat,

296 3611 382 3695 qaod
405 3633 471 3674 non
493 3611 642 3675 servierit
663 3611 968 3675 Nabuchodonosor
988 3613 1061 3696 rapi
1075 3611 1270 3698 Babylonis,
1293 3623 1321 3674 et
1344 3614 1415 3696 qai·

296 3716 423 3779 canqae
450 3716 517 3757 non
540 3697 727 3758 curvaverit
756 3693 870 3758 collam
898 3717 994 3760 sanna
1016 3696 1073 3759 sab
1097 3697 1176 3781 iapo
1198 3698 1285 3780 repis
1306 3695 1416 3780 Baby·

295 3777 392 3858 lonis,
414 3778 450 3840 in
472 3777 586 3862 plodio
609 3788 638 3842 et
649 3777 746 3863 farne
769 3789 798 3842 et
820 3781 877 3842 siti
899 3788 928 3842 et
944 3789 1035 3864 peste
1057 3780 1193 3842 visitabo
1216 3801 1316 3862 saper
1337 3801 1415 3864 qen·

295 3870 356 3924 tern
378 3860 480 3941 iiiam,
503 3863 552 3925 ait
566 3861 741 3942 Dominus,
765 3863 865 3926 donec
888 3886 1075 3928 consantarn
1097 3886 1149 3927 eos
1164 3865 1200 3926 in
1216 3884 1319 3926 ranna
1334 3865 1416 3927 eins.

255 4024 257 4027 v
296 3945 392 4024 Quod
421 3945 448 4008 si
476 3953 564 4009 tanto
586 3945 677 4009 Deus
705 3943 825 4010 zelatus
853 3956 901 4010 est
929 3944 997 4011 zelo
1024 3947 1148 4030 regiam
1170 3953 1361 4030 potestatem
1383 3947 1418 4010 in

295 4051 372 4114 rege
395 4029 513 4092 iniusto
535 4038 567 4093 et
589 4027 673 4093 ultra
695 4051 822 4094 omnem
844 4039 961 4095 terram
983 4031 1134 4117 pessimo,
1166 4027 1244 4114 quid
1272 4031 1416 4094 facturus

283 4123 343 4178 est
387 4134 423 4176 ro
447 4135 522 4198 rege
544 4112 717 4178 christiano
740 4123 772 4178 et
794 4113 978 4178 catholico?
1009 4115 1026 4178 I
1051 4116 1077 4176 si
1100 4113 1195 4178 etiam
1217 4113 1287 4196 regi
1309 4113 1416 4177 Nabu-

295 4135 496 4264 chodbnosor
516 4198 678 4262 iuraverat
701 4197 876 4264 Sedechias
898 4221 956 4264 rex
977 4137 1069 4279 Iuris,
1092 4197 1183 4260 cuius
1206 4197 1327 4262 scilicet
1347 4220 1418 4282 per·

295 4361 319 4412 a)
337 4362 414 4410 inquit
431 4363 451 4403 1.

297 4474 323 4536 1)
344 4473 384 4524 cf.
406 4490 428 4524 c.
449 4475 475 4524 3.
551 4474 580 4538 2)
602 4473 642 4525 Cf.
662 4489 685 4526 c.
709 4475 751 4524 12.
827 4472 855 4538 3)
875 4473 1017 4539 Augustini
1038 4489 1119 4541 opera
1138 4476 1200 4540 VII,
1226 4493 1253 4542 p.
1275 4475 1335 4528 1³8.
