3098 4818
221 551 287 594 1077.

183 706 225 762 ⁸9.
235 710 286 752 007.

224 3062 289 3104 1078.

197 3900 254 3950 Aac.
266 3902 286 3943 7.

298 358 333 407 70
591 355 711 406 BRUNO
730 356 779 406 DE
798 355 917 406 BELLO
938 351 1126 406 saxonlco.

297 533 402 589 castra
427 533 611 623 posuenmt
654 522 738 587 Nam
765 523 867 588 nostri
896 521 1055 587 dederunt
1081 519 1144 584 illis
1173 521 1345 606 optionem,
1379 527 1420 582 ut

296 607 348 674 vel
374 608 438 706 ipsr
462 607 517 672 lon
542 609 591 672 ‘us
617 629 638 671 a
666 601 772 672 littore
798 607 983 672 recedentes
1010 606 1074 672 sibi
1099 603 1285 668 facultatem
1313 612 1418 667 nans-

297 691 394 758 eundr
416 713 515 757 conce
539 702 637 774 erent,
666 690 735 756 vel*
761 692 825 778 ipsi
845 702 973 756 nostrae
999 692 1089 776 ripae
1111 689 1214 775 spatio
1237 687 1342 752 securi
1363 707 1418 751 ac·

297 784 401 862 cepto,
423 797 497 840 cum
518 777 636 841 nostris
657 777 832 861 pugnaturi
853 776 1034 840 transirent.
1077 773 1128 838 llli
1149 794 1235 856 vero,
1266 773 1416 858 quamvis

295 859 413 942 multis,
449 870 485 925 ut
515 859 701 925 utrumlibet
735 859 886 940 facerent,
923 859 1096 924 conviciis·
1110 865 1217 923 essent
1248 854 1414 940 exagitati,

295 955 444 1010 neutrum
465 943 569 1009 lacere
591 943 771 1008 voluerunt.
815 943 898 1008 Cum
926 953 1034 1009 autem
1061 941 1178 1007 multos
1205 941 1251 1005 ibi
1274 940 1343 1004 dies
1365 961 1414 1003 se·

296 1029 427 1109 dissent,
456 1038 488 1092 et
513 1027 575 1092 illis
601 1029 702 1092 nostri
727 1027 836 1092 locum
864 1027 906 1092 ad
932 1051 966 1092 se
995 1025 1146 1092 veniendi
1172 1046 1268 1172 saepe
1294 1023 1414 1086 frustra

296 1111 468 1194 dedissent,
489 1111 619 1176 tandem
635 1110 681 1176 illi
695 1133 754 1176 nec
768 1134 803 1176 se
817 1112 934 1178 nostris
949 1133 1053 1196 pares,
1075 1133 1136 1176 nec
1153 1110 1229 1173 auxi
1244 1109 1308 1172 'um
1325 1105 1414 1192 quod

296 1196 469 1282 sperabant
487 1196 598 1262 venire
620 1196 774 1279 videntes,
796 1218 872 1260 cum
894 1196 1024 1260 militari
1044 1217 1110 1259 non
1131 1203 1263 1279 possent
1283 1193 1413 1272 virtute,

295 1281 414 1345 astutia
439 1278 641 1365 temptabant
671 1301 691 1343 a
719 1302 754 1346 se
782 1279 901 1345 bellum
929 1279 1017 1344 istud
1045 1300 1204 1343 amovere.
1253 1277 1415 1340 Fecerunt

296 1365 382 1429 enim
410 1385 485 1428 cum
510 1365 628 1428 nostris
655 1385 768 1450 pacem
800 1376 1007 1449 sequestram,
1040 1385 1113 1450 qua,
1147 1363 1174 1425 si
1198 1370 1308 1446 posset
1334 1359 1414 1439 fieri,

295 1470 355 1532 per
375 1457 486 1512 mutua
508 1446 665 1533 colloquia
686 1449 889 1532 pervenirent
914 1447 956 1512 ad
983 1469 1097 1533 pacem
1118 1455 1318 1532 perpetuam.
1360 1443 1416 1507 Ad

297 1552 331 1595 se
352 1532 492 1594 invicem
513 1532 612 1616 igitur
633 1531 781 1596 veniendi
803 1533 972 1596 securitate
995 1553 1157 1610 concessa,
1186 1529 1338 1593 dixerunt
1358 1525 1415 1608 illi,

297 1613 376 1700 quid
409 1635 490 1700 opus
522 1623 606 1679 esset
632 1615 749 1680 nostris
780 1637 889 1680 secum
920 1617 1003 1680 ferro
1032 1615 1213 1694 decernere,
1250 1635 1323 1676 cum
1351 1612 1417 1696 ipsi

295 1698 400 1796 parati
422 1707 527 1762 essent
547 1721 616 1763 rem
636 1700 744 1764 verbis
802 1723 869 1782 ere3
892 1710 924 1764 et
938 1702 966 1764 si
981 1698 1112 1786 quidem
1126 1708 1269 1762 nostram
1284 1717 1416 1760 eausam

295 1782 417 1846 rustitia
431 1782 680 1864 commendaret,
703 1806 737 1848 se
753 1721 863 1848 idiota
879 1784 1009 1848 domino
1032 1805 1089 1848 suo
1111 1783 1227 1846 nostris
1249 1779 1416 1862 associari,

295 1887 334 1931 ea
345 1865 540 1950 condicione,
556 1876 592 1931 ut
607 1868 634 1932 si
648 1889 707 1931 sua
721 1889 819 1933 causa
832 1868 1029 1932 meliorasse
1044 1867 1243 1953 probaretur,
1258 1872 1418 1929 nostrates

295 1949 357 2014 illis
389 1950 502 2015 eadem
535 1950 607 2037 lege
639 1953 791 2038 coniungi
820 1975 885 2016 non
918 1951 1176 2038 dedignarentur.
1221 1948 1318 2030 Quod
1340 1970 1417 2012 curn

295 2035 396 2100 nostri
423 2034 615 2118 laudassent,
647 2045 680 2100 et
707 2037 777 2122 ipse
805 2059 864 2101 rex
891 2046 999 2101 noster
1029 2059 1073 2118 se,
1104 2045 1141 2100 ut
1167 2057 1234 2120 pax
1255 2035 1416 2098 intereos

295 2117 399 2182 fidelis
421 2118 520 2201 fieret,
542 2117 679 2184 libenter
700 2141 720 2182 a
733 2143 833 2204 regno
856 2120 1085 2186 descensurum
1130 2119 1317 2199 romisisset,
1340 2137 1417 2180 con·
1484 2139 1490 2148 ·

297 2203 408 2266 stituto
430 2202 493 2284 die,
524 2224 587 2288 quc
609 2203 651 2267 ad
673 2201 756 2266 hane
786 2226 915 2268 causam
936 2142 1170 2268 terminandam
1198 2209 1310 2266 neutro
1338 2222 1417 2284 rege

296 2294 463 2372 praesente
485 2287 641 2368 venirent,
663 2286 705 2350 ab
727 2288 865 2352 invicem
887 2288 983 2352 ambo
1005 2288 1164 2353 exercitus
1186 2286 1417 2367 discesserunt3

296 2380 329 2434 et
350 2389 424 2432 ecce
445 2368 492 2432 illi
520 2391 670 2454 magnam
699 2370 827 2435 turbam
856 2395 897 2436 cx
918 2373 1073 2436 Bawariis
1101 2381 1133 2436 et
1154 2370 1305 2450 Boemiis,
1334 2385 1417 2454 quos

296 2454 362 2516 iam
397 2452 454 2516 diu
489 2464 746 2539 expectaverant,
784 2454 935 2521 advenire
967 2457 1127 2521 viderunt.
1181 2453 1254 2535 Quo
1287 2453 1416 2538 cognito

297 2535 470 2600 Heinricus
484 2539 581 2602 nimis
596 2538 633 2602 fit
645 2537 762 2622 laetus3
778 2539 947 2626 factaeque
961 2541 1052 2626 pacis
1068 2538 1197 2619 oblitus,
1210 2539 1276 2602 iam
1290 2547 1416 2602 nostros

297 2644 317 2685 a
337 2630 429 2706 tergo
456 2623 561 2686 minus
584 2632 694 2687 cautos
716 2625 892 2706 invaderet,
921 2625 948 2688 si
976 2624 1138 2710 principes
1159 2621 1215 2704 illi,
1246 2623 1302 2708 qui
1324 2621 1416 2706 pacis

296 2705 464 2771 faciendae
486 2707 678 2771 mediatores
700 2707 752 2772 vel
773 2717 919 2772 auctores
941 2709 1076 2790 fuerant,
1105 2707 1203 2771 fidem
1225 2726 1317 2770 suam
1341 2727 1416 2768 con-

296 2791 453 2855 taminare
474 2812 539 2854 non
561 2791 718 2856 timerent.
762 2793 876 2879 Itaque
897 2802 1055 2857 nostrates
1085 2791 1216 2855 domum
1239 2812 1314 2854 cum
1335 2809 1416 2874 pace

297 2875 428 2956 reversi,
460 2896 580 2938 annum
601 2875 730 2940 fuerunt
750 2877 910 2961 integrum
931 2899 990 2940 nec
1012 2875 1175 2940 laedentes
1195 2873 1334 2960 aliquem
1356 2893 1417 2936 nec

298 2961 340 3024 ab
362 2957 470 3043 aliquo
492 2957 581 3022 laesi.

383 3043 433 3106 96.
477 3040 631 3126 Sequenti
653 3063 728 3105 vero
751 3065 845 3126 anno,
876 3044 932 3129 qui
958 3053 1027 3108 erat
1047 3042 1088 3106 ab
1111 3043 1328 3106 incarnatione
1349 3040 1417 3104 Do-

298 3124 378 3187 mini
394 3125 486 3204 1078,
500 3124 616 3188 iterum
632 3124 813 3190 Saxonicus
830 3137 1063 3214 congregatur*¹
1079 3128 1247 3208 exercitus,
1270 3135 1303 3190 et
1316 3126 1417 3188 missa

297 3207 456 3294 legatione
471 3207 595 3273 Suevos
617 3207 746 3273 obviam
768 3210 829 3276 sibi
843 3212 952 3275 venire
966 3221 1169 3296 rogaverunt,
1191 3222 1227 3275 ut
1247 3211 1416 3294 utriusque

297 3290 410 3378 populi
430 3293 547 3356 virtute
570 3291 750 3374 coniuncta,
780 3315 890 3358 omnes
919 3295 979 3359 sibi
1008 3295 1214 3359 adversantes
1235 3292 1288 3358 vel
1313 3293 1355 3356 ad
1382 3313 1417 3356 se

297 3377 432 3441 transire
455 3374 689 3475 compellerent,
717 3376 770 3442 vel
797 3379 860 3444 sibi
881 3378 1039 3444 foederari
1060 3377 1204 3443 nolentes
1227 3377 1297 3441 dira
1318 3374 1415 3440 bello-

296 3482 370 3523 rum
399 3459 602 3526 tribulatrone
629 3460 810 3546 fatigarent.
859 3462 955 3544 Quod
983 3463 1202 3548 cognoscensh
1233 3461 1414 3541 Heinricus,

297 3543 413 3609 robore
449 3553 644 3630 congregato
680 3547 851 3612 intervenit
882 3546 1024 3630 medius3
1060 3567 1119 3610 nec
1151 3555 1200 3614 est
1233 3566 1348 3632 passus
1380 3553 1417 3608 ut

298 3635 433 3713 uterque
448 3629 481 3691 in
495 3650 597 3692 unum
618 3631 803 3694 conveniret
817 3631 988 3694 exercitus.
1031 3630 1203 3694 Exercitus
1218 3650 1295 3714 ergo
1313 3631 1414 3692 Saxo·

297 3711 390 3774 nicus
412 3710 454 3774 ad
474 3710 758 3776 Methelrikestad⁰
780 3713 882 3794 venit,
909 3713 1020 3800 ibique
1041 3714 1230 3778 Heinricum
1254 3734 1329 3776 curn
1349 3733 1415 3775 non

296 3814 398 3941 parvo
427 3793 543 3859 robore
571 3796 698 3859 virtutis
730 3797 862 3861 invenit.
921 3797 1008 3878 Quid
1038 3800 1073 3862 in
1105 3795 1264 3861 narrando
1291 3817 1415 3860 moram

309 3879 390 3960 acic,
420 3899 491 3940 cum
519 3876 566 3941 illi
586 3876 707 3943 nullam
727 3879 880 3945 fecissent
905 3883 940 3946 in
965 3881 1116 3968 agendo?
1146 3880 1310 3946 Proelium
1336 3880 1416 3942 inci-

297 3963 394 4045 pitur,
421 3960 545 4025 fortiter
570 3962 669 4026 immo
699 3964 870 4030 crudeliter
891 3987 933 4030 ex
960 3977 1096 4053 utraque
1122 3974 1213 4052 parte
1242 3973 1416 4051 pugnatur,

297 4054 329 4109 et
350 4043 425 4108 hinc
447 4055 479 4109 et
499 4044 573 4110 inde
600 4045 660 4111 fuit
686 4047 831 4114 diversus
861 4059 995 4116 eventus
1021 4071 1165 4138 pugnam
1197 4048 1325 4134 fugiunt
1351 4048 1418 4122 isti,

296 4127 426 4213 fugiunt
453 4126 511 4211 illi;
544 4130 645 4194 nostri
672 4132 842 4216 capiuntur
869 4134 926 4199 sed
955 4135 1150 4221 eripiuntur,
1183 4134 1291 4198 hostes
1320 4133 1416 4196 inter-

298 4298 491 4351 ²)00118r08atus
509 4303 529 4342 1.
589 4300 613 4354 b)
630 4313 760 4352 agnoscens
777 4307 797 4346 2.
865 4304 1148 4358 e)Methelriksstadt1;
1170 4304 1419 4354 Methelrlehestad23

297 4359 488 4402 Macheltlkostad
505 4355 531 4400 lb
547 4362 594 4402 cod.
610 4362 688 4405 Dread.
