3116 4822
332 383 384 433 DE
404 382 563 434 UNITATE
583 381 788 434 ECOLESIAE
812 382 1088 434 CONSERVANDA.
1237 379 1276 431 37

153 551 309 616 Gerinum
333 549 471 614 diversis
486 549 600 636 poenis
621 560 653 614 et
675 551 870 616 cruciatibus
889 550 1069 616 interfecit¹
1092 550 1274 637 multosque

151 636 230 700 alios
245 636 401 700 mactavit
415 643 448 698 et
463 637 632 720 oppressit.
655 635 727 716 Quo
751 635 880 700 tandem
897 637 1013 715 occiso,
1030 635 1188 722 Pippinus
1205 637 1272 700 dux

152 719 302 784 Austriee
324 720 428 785 maior
443 718 557 783 domus
573 719 720 804 efficitur,
742 721 798 807 qui
820 723 911 784 iuxta
931 719 1131 786 nobilitatem
1153 721 1277 807 pariter

150 815 181 869 et
209 804 398 889 religionem
429 804 671 888 progenitorum
700 827 831 869 suorum
865 827 946 890 opus
979 817 1076 891 atque
1107 805 1273 890 negotium

148 889 287 975 piissimi
302 889 436 955 rectoris
460 899 491 952 et
513 887 746 973 religiosissimi
768 889 926 975 principis
948 891 1128 976 exequitur.
1162 889 1274 953 Domi-

149 995 210 1037 nus
239 974 326 1038 enim
348 971 512 1054 Arnolfus,
543 995 585 1036 ex
613 973 679 1038 filia
700 975 786 1058 regis
809 973 942 1038 Olotarii
963 983 1067 1057 natus,
1094 995 1168 1037 cum
1191 983 1278 1039 esset.

149 1061 292 1144 primum
325 1059 427 1122 maior
456 1057 579 1139 domus,
611 1059 645 1120 in
675 1080 774 1143 regno
807 1057 908 1122 edidit
940 1057 1064 1124 nobiles
1095 1068 1127 1122 et
1153 1059 1273 1122 virtute

151 1151 353 1228 praestantes
374 1140 457 1206 filios
471 1140 609 1226 palatio;
632 1143 688 1228 qui
709 1151 822 1228 postea
837 1165 879 1206 ex
893 1143 1079 1206 meritorum
1096 1142 1274 1207 considera·

151 1227 239 1290 tione
266 1225 369 1291 factus
390 1227 545 1290 Metensis
567 1225 723 1290 ecclesiae
745 1228 853 1311 episao
879 1249 925 1310 us,
953 1228 1064 1312 genuit
1086 1227 1158 1292 Deo
1181 1227 1275 1312 spiri-

153 1309 232 1376 tales
251 1309 335 1375 filios
355 1312 389 1374 in
405 1311 593 1375 sacerdotio
618 1309 717 1375 Cuius
732 1322 819 1376 certe
836 1249 921 1376 filius
943 1321 1011 1376 erat
1025 1310 1195 1387 Anchisus,
1219 1313 1275 1397 qui

151 1394 193 1459 de
213 1398 342 1460 nomine
365 1395 498 1458 Troiani
516 1394 678 1460 Anchisae
700 1396 817 1460 dicitur
838 1395 1053 1482 appellatus²;
1084 1397 1175 1460 ouius
1196 1396 1273 1460 item

152 1477 237 1542 filius
267 1489 336 1545 erat
362 1480 434 1561 iste,
463 1478 502 1542 de
531 1500 594 1566 quo
625 1480 866 1566 supradictum
890 1481 1280 1568 est³,Pippinus,pater

153 1562 274 1628 scilicet
307 1565 441 1628 senioris
472 1561 578 1628 Oaroli
612 1575 643 1629 et
671 1587 751 1629 avus
778 1567 865 1650 regis
894 1565 1037 1652 Pippini,
1066 1565 1106 1630 de
1134 1587 1198 1652 quo
1228 1565 1275 1628 sic

149 1648 233 1712 inter
250 1660 357 1714 uetera
370 1647 491 1732 legitur
511 1648 546 1710 in
563 1648 670 1714 Gestis
685 1649 893 1730 Francorum,
917 1649 1014 1736 quod,
1029 1672 1094 1714 una
1110 1672 1184 1714 cum
1200 1670 1278 1713 con--

153 1731 224 1797 silio
257 1744 289 1798 et
321 1754 480 1797 consensu
513 1735 657 1796 omnium
684 1733 883 1798 Francorum
915 1737 1015 1798 missa
1046 1734 1200 1799 relatione
1231 1733 1274 1797 ad

151 1816 261 1881 sedem
272 1817 484 1902 apostolicam
496 1825 528 1881 et
538 1818 726 1883 auctoritate
741 1827 903 1904 percepta,
919 1817 1104 1904 praecelsus
1115 1819 1278 1904 Pi'ppinus

153 1900 308 1966 electione
337 1903 435 1966 totius
465 1903 571 1986 gentis
600 1900 790 1967 sublimatus
820 1903 861 1965 sit
889 1903 922 1966 in
950 1903 1059 1967 sedem
1086 1905 1178 1987 regni
1200 1924 1273 1966 cum

153 1987 395 2051 consecratione
428 1987 653 2072 episcoporum
689 1998 721 2052 et
752 1986 952 2052 subiectione
984 1988 1177 2072 principum.
1231 1986 1275 2050 Et

151 2070 247 2136 lone
278 2093 377 2158 supra
404 2072 542 2156 scriptor
569 2071 720 2136 historiae
749 2070 930 2152 ostendens,
958 2072 1086 2158 quando
1115 2082 1147 2136 et
1168 2093 1188 2134 a
1210 2093 1274 2157 quo

151 2093 318 2220 inchoaret
338 2155 392 2219 ille
413 2156 624 2241 principatus,
647 2159 702 2241 qui
724 2155 842 2220 dicitur
863 2158 965 2220 maior
985 2155 1113 2220 domus:
1140 2171 1278 2238 Tempore,

151 2239 287 2326 inquit47
310 2255 427 2320 Olotarii,
443 2256 532 2322 patris
545 2255 699 2322 Dapoberta’,
718 2272 828 2322 repnnra
840 2255 1009 2308 Francorum
1027 2257 1083 2322 rapi
1102 2264 1218 2321 coeptura
1237 2263 1278 2306 est

153 2339 176 2382 et
186 2328 372 2382 administrari
385 2329 418 2380 ab
428 2329 478 2390 his,
491 2327 538 2395 qai
546 2327 748 2392 provisores
763 2332 863 2381 aulas
876 2347 911 2381 re
916 2331 995 2396 piae
1007 2331 1050 2382 uel
1057 2329 1170 2381 maiores
1180 2329 1277 2380 domus

154 2421 209 2456 esse
228 2403 397 2466 uidebantur,
423 2401 519 2454 divina
544 2403 591 2452 hoe
610 2401 781 2467 dispensante
795 2403 978 2468 providentia,
997 2411 1026 2454 nt
1046 2404 1082 2454 ad
1102 2404 1195 2454 horam
1209 2420 1274 2468 pro-

151 2477 254 2543 pendent
267 2477 433 2528 Francorum
447 2476 639 2541 transferretur
651 2491 777 2541 regnum,-
788 2477 897 2542 fuitque
914 2493 943 2528 eo
957 2484 1070 2542 ternpore
1083 2475 1168 2528 maior
1181 2478 1278 2528 durans

153 2549 296 2616 imputatio
310 2549 456 2601 Olotarii
468 2565 503 2599 re
508 2549 557 2616 911
570 2545 708 2612 Arnolsus,
723 2549 772 2612 air,
789 2557 818 2600 nt
826 2551 995 2614 postmodnm
1008 2549 1113 2611 claruit,
1127 2549 1185 2601 Deo
1199 2567 1289 2600 arna.

153 2623 229 2686 bitis,-
253 2625 299 2690 qne'
318 2630 380 2689 post
405 2621 507 2674 11111ῖὶ
522 2621 636 2688 gloriam
655 2620 752 2673 Christi
775 2639 802 2674 se
827 2622 933 2674 seruitio
952 2623 1075 2686 subdens,
1095 2621 1225 2674 mirabilis
1245 2623 1275 2672 in

153 2705 305 2770 episcopata
323 2705 416 2758 111111.
456 2688 665 2754 Considerate
687 2688 792 2753 hunc⁸
815 2689 959 2754 ordinem
982 2699 1274 2774 rerumgestarum

153 2781 185 2836 et
205 2773 390 2860 perspicite,
414 2773 441 2838 si
462 2774 555 2838 iuxta
577 2773 769 2859 scripturam
791 2773 1005 2838 Hildebrandi
1032 2795 1136 2922 papae
1158 2771 1275 2859 aliquis

153 2857 370 2922 Romanorum
386 2859 574 2943 pontificum
590 2858 778 2943 deposuerit
798 2880 931 2944 aregno
948 2881 1058 2944 regem
1101 2877 1273 2922 raucorum

153 2951 186 3006 et
206 2942 424 3028 Francigenas
452 2943 632 3007 iuramento
661 2940 834 3026 fidelitatis,
863 2965 961 3029 quam
983 2943 1013 3008 ei
1035 2943 1196 3026 fecissent,
1218 2940 1273 3006 ab·

153 3024 296 3108 solverit3
327 3025 413 3112 quod
442 3026 565 3091 scilicet
591 3027 667 3090 fidei
688 3036 934 3111 sacramentum,
957 3028 1040 3092 sicut
1061 3039 1178 3114 supra⁵
1200 3048 1273 3113 pro-

153 3111 262 3176 batum
284 3119 333 3176 est
360 3133 401 3176 ex
430 3111 613 3176 testimonio
636 3111 754 3176 Sacrae
782 3111 978 3198 Scripturas,
1007 3135 1102 3178 nemo
1130 3133 1272 3200 unquam

152 3193 275 3260 solvere
296 3196 425 3281 poterit,
446 3197 510 3260 nisi
524 3196 607 3260 forte
626 3195 801 3282 quemlibet
821 3197 896 3262 inde
918 3195 1058 3260 solutum
1079 3195 1184 3262 facero
1198 3195 1275 3261 velit

153 3280 341 3345 mendacem
375 3279 471 3344 simul
503 3289 536 3344 at
559 3303 599 3345 ue
631 3283 797 3366 periurum
830 3302 869 3344 ac
899 3281 973 3347 ideo
1013 3281 1274 3346 condemnatum.

152 3361 421 3452 Quandoquidem
442 3364 495 3430 ille
551 3363 734 3448 ilderichus,
756 3365 796 3429 de
819 3387 882 3452 quo
905 3366 1020 3451 agitur,
1041 3364 1120 3429 nihil
1143 3366 1273 3430 omnino

152 3450 261 3534 regiae
283 3449 450 3534 potestatis
472 3448 524 3514 vel
546 3449 711 3514 dionitatis
733 3447 885 3514 hahuisse
908 3449 1146 3532 describatur⁰;
1176 3460 1272 3536 atque

152 3533 225 3600 ideo
248 3533 487 3620 comprobatur,
510 3501 599 3621 quod
619 3557 684 3599 non
705 3534 801 3598 fuerit
823 3534 971 3599 dominus
993 3533 1174 3620 aliquorum
1205 3537 1272 3614 sive

152 3626 266 3699 rector,
312 3617 441 3682 uoniam
463 3639 522 3682 rex
544 3641 564 3683 a
584 3617 727 3704 regendo
749 3618 874 3684 dicitur.
917 3619 963 3685 Ut
991 3619 1076 3684 enirn
1099 3617 1273 3705 quemlibet

152 3724 262 3786 regem
278 3640 486 3768 christianum
501 3705 803 3788 praetermittamus,
826 3725 910 3786 1111,
931 3703 1092 3790 quomodo
1115 3705 1149 3767 in
1163 3703 1272 3768 Nabu-

152 3785 364 3870 chodonosor,
392 3809 469 3872 rege
496 3789 615 3852 iniusto
644 3797 675 3852 et
703 3787 786 3852 ultra
819 3809 946 3854 omnem
975 3797 1093 3854 terram
1146 3790 1272 3872 essimo,

154 3893 240 3952 ecee,
263 3872 405 3958 inquam,
428 3872 588 3958 quomodo
611 3873 735 3972 regiam
756 3881 948 3958 potestatem
970 3875 1005 3936 in
1026 3895 1065 3938 eo
1087 3811 1209 3938 aelatus
1224 3883 1272 3938 est

154 3955 302 4021 dominus
325 3957 431 4022 Deus:
463 3955 550 4021 Gens
572 3979 658 4040 cero,
686 3957 845 4043 mquiens,
874 3967 902 4023 et
923 3981 1071 4044 regnans,
1095 3959 1183 4045 qaod
1204 3981 1271 4024 non
1280 3981 1325 4023 11.
1335 3981 1371 4035 11,
1380 3981 1403 4026 s.

152 4147 175 4200 a)
191 4148 439 4198 snpereminentem
455 4159 510 4198 1111)
526 4160 588 4190 nunc
606 4151 625 4189 1.

156 4302 184 4367 1)
198 4303 282 4354 Gesta
292 4317 385 4366 regum
395 4301 561 4352 Francorum
574 4300 592 4351 l.
606 4300 624 4351 l.
670 4299 818 4364 stractus,
832 4299 1143 4366 Hist.Langob.VI,23,
1186 4302 1214 4367 3)
1229 4303 1270 4356 Cf.

153 4392 181 4513 p)
200 4375 238 4500 {if
264 4373 429 4498 c:l]3Paulus
442 4375 490 4438 VI,
506 4375 548 4439 16,
569 4375 643 4426 cuias
662 4375 745 4426 verba
764 4375 839 4425 suxit
858 4380 885 4424 et
904 4375 1024 4426 mutavit.
1083 4377 1110 4440 1)
1131 4375 1209 4428 (11.1.
1226 4378 1270 4431 15.
