3116 4822
343 387 393 437 DE
415 387 573 437 unlrsrn
593 385 799 438 acanuslsn
820 387 1096 441 CONSERVANDA.
1246 391 1279 440 21

158 577 240 636 mus,
263 564 299 618 ut
321 554 441 640 pariter
462 575 743 638 recognoscamus,
768 553 870 640 qualis
900 565 931 619 et
953 576 1049 654 quam
1071 556 1158 620 utilis
1185 557 1281 621 fuerit

159 638 311 704 ecclesiae
334 637 503 719 Arcadius,
527 639 583 724 qui
604 659 690 702 nunc
719 660 778 722 pro
808 637 968 702 condendi
995 641 1151 705 scismatis
1174 640 1280 704 studio

158 723 320 788 inducitur
330 721 430 787 fuisse
442 723 735 787 excommunicatus
748 723 815 786 sive
827 721 1006 805 damnatus,
1021 723 1280 810 quandoquidem

158 808 252 872 certis
280 805 485 871 manifestum
514 808 555 870 sit
582 806 719 886 indiciis,
748 805 877 870 beatum
904 828 1022 892 papam
1045 808 1280 882 innocentium,

158 892 214 977 qni
236 891 355 955 dicitur
384 913 458 954 eum
488 891 796 970 excommunicasse,
819 889 1052 955 ecclesiasticas
1074 893 1166 956 iuxta
1187 892 1281 956 disci-

156 975 277 1060 plinam
300 974 502 1038 sacerdotum
524 995 618 1039 nosse
640 974 761 1060 pariter
782 983 814 1038 et
836 971 1023 1039 observasse
1045 975 1181 1061 regulas,
1205 995 1281 1062 qua-

157 1081 230 1122 rum
252 1079 317 1122 una
338 1057 389 1122 vel
411 1060 586 1145 praecipua
608 1071 656 1123 est
678 1057 718 1122 de
734 1057 904 1122 concordia
924 1081 1038 1143 regum
1059 1070 1156 1146 atque
1178 1081 1281 1124 sacer·

158 1142 286 1224 dotum3
309 1142 384 1227 quia
399 1175 486 1209 omnes
505 1175 556 1220 ra,
578 1143 683 1228 inquit
697 1151 826 1206 sanctus
841 1140 908 1206 Leo
923 1155 1040 1228 papa¹,
1063 1166 1134 1210 tatae
1154 1175 1208 1210 esee
1226 1175 1281 1209 non

154 1239 277 1297 possunt,
297 1231 349 1282 nisi
366 1247 435 1298 quae
455 1231 491 1281 ad
510 1231 630 1282 diuinam
646 1231 835 1297 confessionem
847 1235 983 1297 pertinent
1008 1240 1032 1283 et
1057 1231 1131 1298 reaia
1150 1234 1177 1282 et
1193 1247 1280 1282 sacer-

158 1311 256 1365 dotatis
284 1313 403 1379 affeetu
434 1314 587 1367 auctoritas.
636 1300 712 1384 Ipse
746 1300 830 1361 enim
863 1299 1073 1364 Innocentius
1105 1297 1216 1362 scribit
1247 1299 1280 1361 in

156 1379 371 1466 23.0apitu10
401 1379 602 1445 decretorum
632 1404 763 1447 suornm
791 1381 831 1445 de
858 1382 1075 1469 reipublicae
1102 1383 1197 1446 etiam
1227 1381 1281 1445 ad-

157 1464 444 1528 ministratoribus:
468 1479 624 1541 Quaesitum
637 1491 683 1546 est,
703 1466 860 1552 inquiens,
882 1499 962 1547 super
977 1482 1027 1546 bis,
1047 1481 1094 1546 qui
1107 1484 1169 1546 post
1183 1479 1281 1544 baptis-

156 1569 228 1604 mum
248 1555 503 1606 administraverunt
521 1561 545 1605 et
565 1561 612 1605 aut
633 1563 762 1609 tormenta
778 1557 835 1608 sola
853 1561 1026 1606 exercuerunt
1046 1562 1093 1604 aut
1112 1552 1190 1604 etiam
1208 1551 1280 1618 capi·

157 1637 236 1686 talem
250 1636 404 1686 sententiam
417 1637 596 1700 protulerunt.
621 1637 664 1688 De
679 1638 729 1703 liis,
749 1624 862 1708 inquii,
884 1637 955 1688 nihil
972 1637 1079 1704 lepimus
1100 1653 1118 1686 a
1135 1634 1280 1685 maioribus

158 1708 309 1775 definitum,
332 1709 505 1760 meminerant
524 1707 600 1773 enim,
627 1728 644 1760 a
662 1711 720 1763 Deo
741 1717 884 1777 potestates
910 1711 959 1761 bas
976 1710 1067 1776 fuisse
1094 1725 1237 1770 concessas,
1257 1715 1281 1758 et

155 1787 265 1847 propter
283 1780 428 1832 vindictam
446 1781 587 1834 noxiorum
602 1785 724 1850 pladium
735 1786 826 1851 fuisse
842 1784 1008 1850 permissum,
1029 1791 1053 1834 et
1065 1782 1118 1833 Dei
1132 1779 1280 1831 ministrum

158 1871 212 1906 csse
241 1854 335 1904 datum
362 1853 392 1905 in
419 1854 571 1907 huiusmodi
598 1855 736 1910 uindicem,
786 1856 921 1920 Quomodo
949 1853 1030 1922 ipitur
1061 1854 1281 1920 reprehenderent

150 1929 267 1994 sactum,
291 1928 362 1992 quod
390 1937 496 1980 auctore
520 1927 578 1980 Deo
605 1930 722 1981 uiderent
748 1948 803 1982 esse
826 1927 997 1981 concessum?
1033 1927 1075 1979 De
1094 1926 1134 1978 bis
1154 1943 1213 1992 erqo
1231 1923 1279 1988 ita,

157 2009 187 2051 ut
205 2001 332 2052 hactenus
350 2009 484 2052 seruatum
503 2010 548 2065 est,
568 2001 754 2067 debebamus,
774 2020 808 2054 ne
827 2012 874 2053 aut
893 1999 1062 2066 disciplinam
1081 2002 1213 2051 euerterea
1233 2006 1280 2048 aut

155 2083 247 2126 contra
274 2071 456 2125 auctoritatem
480 2074 591 2125 Domini
615 2075 705 2127 venire
725 2079 872 2128 uideamur.
905 2074 976 2140 Ipsis
997 2082 1083 2124 autem
1101 2072 1131 2122 in
1150 2070 1280 2122 rationem

157 2157 320 2208 reddendam
341 2165 415 2225 qesta
433 2174 485 2207 sua
503 2157 592 2208 omnia
610 2159 795 2210 servabuntur.
828 2142 943 2207 Noiaie
965 2152 1072 2204 autem
1095 2139 1279 2224 diligentius

155 2224 235 2288 haec
258 2224 344 2288 beati
365 2224 544 2289 innocentii
566 2225 676 2304 verba,
722 2248 782 2290 uae
804 2227 856 2290 vel
879 2225 947 2290 sola
961 2223 1112 2288 videntur
1134 2221 1279 2287 sufficere

156 2316 268 2371 contra
289 2307 373 2371 illius
396 2329 500 2393 papae
523 2249 738 2374 Hildebrandi
761 2311 892 2396 scripta,
915 2331 998 2396 quae
1019 2309 1090 2394 ipse
1111 2329 1176 2371 non
1191 2327 1280 2391 prae·

156 2391 288 2456 videbat
315 2413 409 2476 posse
439 2392 559 2456 destrui
588 2415 647 2478 per
668 2395 739 2480 ipsa
764 2406 948 2460 sanctornm
971 2403 1098 2479 patrum
1121 2388 1279 2476 exempla,

156 2476 274 2561 quibus
302 2475 515 2540 contendebat
544 2476 672 2542 firmare
702 2480 840 2564 partium
871 2500 1001 2543 suarum
1031 2476 1146 2541 studia.
1171 2474 1278 2550 ¹Dum

157 2561 241 2623 enim
270 2559 388 2640 docuit,
416 2561 485 2644 regi
512 2561 713 2625 Francorum
741 2560 1025 2627 contradicendum
1055 2569 1087 2624 et
1108 2581 1173 2622 non
1195 2579 1279 2621 com-

157 2643 387 2707 municandum
410 2666 490 2725 esse,
521 2647 575 2708 cui
602 2655 744 2730 potestas
774 2668 794 2710 a
815 2646 888 2710 Deo
911 2665 1066 2708 concessa
1087 2653 1136 2707 est
1157 2640 1280 2706 heredi·

156 2729 238 2791 teria
252 2729 464 2810 successione,
488 2728 613 2794 videtur
627 2729 692 2796 Dei
706 2729 898 2794 ordinationi
919 2727 1084 2805 restitisse,
1107 2726 1161 2824 qui
1183 2725 1279 2789 edam

156 2811 264 2897 ipsum
280 2811 343 2876 Dei
358 2813 550 2893 ministrum,
573 2814 625 2877 cui
662 2813 765 2878 ladius
782 2823 830 2879 est
850 2812 1027 2898 permissus
1047 2813 1088 2875 ad
1103 2808 1279 2873 vindictam

155 2897 337 2978 noxiorum,
365 2896 441 2960 dum
471 2896 594 2961 studuit
620 2837 728 2982 giadio
761 2897 1018 2962 adversariorum
1047 2894 1182 2975 deicere,
1214 2913 1279 2955 non

157 2978 260 3043 solum
289 2979 467 3065 duplicavit
494 2979 648 3066 gladium,
678 2984 770 3047 iuxta
799 2980 887 3069 quod
915 2981 956 3044 in'
977 2978 1125 3045 Eaeciele
1152 2977 1278 3061 legitur,
1291 3033 1316 3072 21
1338 3006 1374 3072 14·

156 3063 208 3127 vel
223 3062 406 3210 tripllicavit,
430 3065 485 3129 sed
501 3073 532 3129 ct
546 3065 780 3153 multiplicavit,
804 3077 836 3130 et
850 3087 914 3129 non
930 3063 1032 3128 solum
1049 3063 1158 3126 divisit
1175 3081 1277 3159 popu·
1319 3060 1325 3084 ’
1366 3062 1371 3072 '

154 3146 222 3211 lum
252 3149 471 3228 cristianum,
501 3148 558 3212 sed
586 3159 617 3214 et
646 3150 834 3230 sacerdotia,
864 3159 901 3214 ut
926 3146 1018 3210 multi
1048 3147 1113 3209 sint
1134 3143 1279 3230 episcopi

155 3232 189 3294 in
210 3242 301 3316 parte
323 3233 394 3312 ista,
416 3231 546 3316 plurimi
566 3241 673 3299 autem
694 3236 728 3298 in
749 3244 840 3320 parte
855 3232 963 3296 altera.
997 3230 1092 3294 Unde
1115 3238 1146 3292 et
1168 3247 1279 3312 supra-

157 3315 261 3380 dictus
276 3338 361 3401 papa
375 3315 599 3381 Innocentius:
623 3330 654 3382 Si
669 3331 798 3396 instituta,
817 3317 952 3402 inquit³,
971 3326 1278 3392 eccuetautca,sratra,

152 3407 237 3471 pkna
248 3407 355 3470 fuerint
374 3404 514 3472 uigilantia
533 3406 566 3456 ab
582 3406 700 3457 omnibus
720 3403 773 3455 Dei
790 3404 970 3456 sacerdotibus
993 3403 1140 3462 obseruata,
1167 3397 1279 3449 cessabit

157 3477 273 3543 ambitio,
298 3477 459 3544 conquiescet
476 3480 612 3541 dissensio,
638 3480 739 3529 hereses
759 3486 782 3528 et
800 3479 925 3530 scismata
948 3493 1003 3527 non
1027 3480 1164 3538 emerqent,
1193 3472 1278 3521 locum

156 3570 211 3604 non
230 3553 340 3618 dormiet
358 3549 480 3603 diabolus
500 3551 645 3615 saeuiendi,
671 3549 786 3602 manebit
804 3551 977 3612 unanimitas,
996 3544 1124 3612 iniquitas
1149 3551 1278 3609 superata

156 3625 311 3688 conabitur,
332 3625 430 3676 veritae
448 3623 565 3690 spiritali
575 3626 685 3692 seruere
697 3622 834 3691 stupralit,
856 3639 915 3689 pan
929 3619 1091 3688 praedicata
1116 3617 1194 3669 labiis
1219 3633 1278 3667 cum

155 3699 291 3750 uoluntate
311 3698 394 3748 animi
412 3697 589 3761 concordabit,
609 3697 759 3763 implebitur
777 3703 801 3748 et
820 3695 919 3749 diotrsm
938 3693 1063 3760 apostoli:
1087 3691 1119 3742 Ut
1137 3690 1430 3752 unanimesnom.1o,⁵.

157 3789 241 3822 unum
266 3773 404 3823 sentientes
423 3788 627 3836 permaneamus
652 3769 682 3820 in
702 3769 810 3832 Uiriato,
833 3768 902 3821 nibil
920 3786 972 3834 per
991 3765 1178 3818 contentionem
1202 3762 1438 3821 asoarium-s.

158 3862 241 3911 neque
261 3861 312 3910 per
335 3843 442 3895 inanem
467 3845 579 3911 plemam
596 3844 770 3906 vindicantes,
789 3861 843 3894 non
864 3841 1021 3904 bominibus,
1046 3838 1092 3890 sed
1111 3837 1169 3888 Deo
1188 3843 1276 3888 nostro
1289 3838 1372 3880 urim.
1381 3836 1440 3888 121⁷·

158 3917 288 3969 salvatori
302 3919 446 3982 placentes,
465 3917 510 3966 cui
527 3916 610 3967 donor
629 3923 666 3967 eet
685 3925 709 3967 et
722 3917 810 3983 ylario
828 3915 857 3967 in
870 3917 978 3968 saecula
991 3912 1164 3965 saeculorum.
1184 3907 1276 3959 Amen.

160 4082 183 4134 s)
201 4087 306 4124 avertere
322 4084 409 4125 ffinsctr.

162 4215 188 4281 1)
218 4216 319 4266 Leonis
345 4216 461 4282 epistula
486 4214 520 4265 ad
540 4212 719 4274 rucherum,
746 4211 892 4261 Hinschius
918 4227 944 4276 p.
967 4207 1028 4257 603.
1105 4203 1134 4270 2)
1159 4205 1278 4254 Decreta

160 4290 314 4340 Innocentii
344 4305 431 4355 papae
466 4287 501 4338 ad
532 4287 710 4353 Exsuperinm
738 4285 900 4335 Tolosanum
930 4282 1100 4347 episcopum,
1132 4276 1278 4327 Hinschius

159 4379 186 4428 p.
207 4362 270 4411 532.
346 4364 373 4426 3)
393 4361 517 4428 Epistula
535 4361 687 4411 Innocentii
706 4373 793 4426 papae
814 4358 849 4408 sd
867 4356 1031 4406 Victorinum
1052 4354 1278 4416 Rotomagenssm

162 4436 255 4502 episc,
275 4436 422 4486 Hinsubius
440 4453 467 4502 p.
487 4434 551 4484 531.
