3098 4818
292 317 329 367 20
584 316 705 368 BRUNO
722 317 773 366 DE
792 316 910 368 BELLO
930 314 1117 368 SAXONIGO.

215 501 283 543 1⁰²4.
293 483 372 548 dum
393 495 505 569 parato
526 484 589 548 nisi
611 505 730 568 magna
749 484 923 548 necessitas
943 492 1082 582 cogeret,
1104 503 1205 568 congr
1246 489 1299 545 ato
1304 528 1314 562 ,
1336 477 1416 544 Kal.
1504 531 1505 534 ι

190 577 241 622 Ν·
260 567 448 632 ¹·Februar.
475 589 550 631 cum
582 567 761 632 dominicae
793 567 1022 631 incarnatioms
1053 588 1156 630 annus
1186 565 1225 629 10
1245 567 1275 630 4.
1308 585 1417 649 nuper

291 653 437 737 inceptus
458 661 621 736 ageretur,
645 650 820 715 Saxoniam
841 650 966 735 ingredi
987 649 1037 714 dis
1062 653 1155 715 osuit
1198 650 1243 714 At
1265 647 1416 714 Saxones

291 735 433 800 adventu
462 736 685 820 praecognito,
713 745 833 798 terram
863 756 954 798 suam
983 734 1023 798 de
1036 735 1144 798 ensuri
1171 755 1246 797 curn
1267 733 1415 795 maximo

291 823 438 884 exercitu
458 819 546 904 apud
575 817 730 905 oppidum
759 817 846 904 qnod
872 817 1052 882 Nachan⁸·¹
1076 816 1270 903 appellatur,
1301 837 1415 878 occur-

291 913 383 986 runt,
415 912 446 967 et
474 923 494 965 a
522 925 600 988 rege
625 923 691 966 non
716 902 862 988 longius,
895 925 992 988 quem
1024 911 1060 965 nt
1086 913 1221 986 uterque
1252 900 1415 964 exercitus

291 987 429 1052 alterum
450 985 559 1050 videre
580 988 745 1072 potuisset,
768 995 873 1050 castra
893 986 1099 1050 constituunt.
1138 985 1261 1048 Tamen
1275 983 1416 1048 invicem

292 1071 382 1134 missi
414 1069 631 1156 speculatores
668 1071 828 1135 exercitus
866 1071 1032 1154 utriusque
1062 1069 1214 1132 virtutem
1244 1066 1417 1152 diligenter

292 1153 470 1240 explorant,
492 1164 525 1219 et
539 1155 666 1241 utrique
681 1155 747 1217 suis
763 1153 850 1240 quod
864 1153 1010 1218 viderant
1024 1153 1200 1217 certissime
1221 1151 1416 1216 renuntiant.

291 1239 373 1302 Erat
400 1247 507 1302 autern
530 1237 697 1302 Saxonum
717 1249 783 1302 tam
805 1259 941 1336 magnus
963 1238 1138 1316 exercitus,
1167 1245 1203 1299 ut
1229 1235 1325 1320 duplo
1349 1256 1418 1297 cre-

293 1322 423 1388 deretur
449 1343 521 1385 esse
549 1322 653 1384 maior
679 1343 776 1418 quam
802 1343 887 1405 regis
910 1321 1081 1385 exercitus.
1124 1319 1212 1405 Ergo
1242 1319 1299 1404 qui
1325 1327 1418 1383 erant

293 1429 336 1470 ex
362 1413 453 1490 parte
482 1405 586 1488 regis,
615 1403 735 1467 aud1ta¹
756 1407 924 1468 Saxonum
952 1403 1155 1468 multitudine
1185 1402 1280 1466 simul
1309 1413 1342 1467 et
1367 1425 1418 1465 ar·
1518 1403 1520 1462 ἶ

292 1510 420 1554 morum
440 1489 650 1552 instructione
664 1527 707 1536 -
720 1508 797 1550 nam
818 1509 879 1552 rex
900 1489 967 1552 suis
988 1489 1124 1568 dixerat,
1146 1485 1217 1550 illos
1232 1507 1291 1550 nec
1314 1507 1417 1572 equos

293 1571 412 1636 habere
433 1592 494 1635 nec
514 1593 609 1634 usum
630 1569 772 1653 militiae,
795 1571 852 1636 sed
872 1573 1052 1636 rusticanos
1066 1571 1212 1635 homines
1226 1568 1418 1635 bellicarum

293 1677 400 1720 rerum
427 1655 654 1740 imperitos-
679 1676 752 1718 cum
804 1656 870 1718 rius
899 1655 942 1719 ad
968 1654 1190 1740 praeliandum
1210 1654 1346 1718 fuissent
1367 1655 1417 1716 in-

294 1739 373 1804 certi
395 1739 472 1824 quia
493 1738 624 1824 dignam
645 1760 711 1802 non
730 1678 885 1804 viddbant
906 1761 1036 1803 causam
1062 1738 1241 1824 pugnandi,
1267 1759 1352 1801 nunc
1374 1735 1419 1800 ad

293 1845 360 1888 non
382 1821 591 1909 pugnandum
610 1822 687 1886 facti
709 1833 783 1886 sunt
805 1824 884 1887 certi
905 1824 982 1908 quia
1004 1845 1078 1886 cum
1098 1843 1196 1886 causa
1217 1822 1349 1886 deerant
1370 1823 1418 1884 eis

294 1907 417 1992 copiae,
440 1906 558 1992 quibus
573 1915 680 1970 tantae
695 1905 891 1971 multitudini
905 1917 974 1971 tuto
989 1915 1121 1992 possent
1135 1905 1276 1970 obviare.
1309 1904 1419 1968 Missis

293 1992 402 2077 itaque
424 2011 498 2072 rex,
519 1999 556 2054 ut
577 1991 739 2076 principes
762 1992 812 2053 sui
831 1989 999 2072 iubebant,
1020 1989 1063 2053 ad
1086 1989 1231 2054 Saxones
1253 1987 1419 2086 legationi-

294 2073 357 2138 bus
385 2075 547 2159 promisit,
584 2095 618 2138 se
647 2071 807 2136 facturum
841 2075 949 2137 omnia
978 2095 1061 2159 quae
1087 2071 1206 2137 vellent
1234 2074 1297 2158 ipsr
1325 2093 1419 2156 prae-

296 2157 452 2236 scribere,
484 2156 659 2220 dummodo
691 2167 860 2240 paternam
892 2157 1094 2241 dignitatem,
1132 2178 1230 2305 ‹ppam
1261 2156 1419 2241 pueritiae

296 2261 373 2307 suae
394 2239 615 2324 malorumque
637 2239 889 2303 consiliariorum
912 2239 1007 2326 eulpa
1028 2263 1062 2304 se
1084 2242 1147 2304 fate
1171 2251 1243 2304 atur
1261 2239 1419 2320 amisisse,

295 2321 416 2387 nollent
436 2322 499 2387 sibi
520 2321 688 2407 denegare.
725 2323 818 2386 Tune
834 2323 910 2388 Otto
926 2323 993 2387 dux
1009 2334 1042 2388 et
1055 2325 1153 2389 ceteri
1168 2324 1285 2410 quibus
1300 2345 1421 2408 magna

177 2417 219 2472 *a
235 2407 422 2471 ³⁴⁰·fiuerant
442 2407 611 2492 promissa,
633 2407 828 2492 persuadent
850 2406 929 2490 aliis,
953 2418 1111 2493 quatenus
1140 2409 1218 2472 hac*
1248 2429 1321 2472 eum
1344 2427 1417 2471 con·

297 2489 418 2554 ditione
443 2491 638 2576 reciperent:
676 2489 816 2555 Castella
843 2513 901 2554 sua
933 2491 1110 2557 destrueret
1140 2514 1199 2556 nec
1226 2490 1359 2556 ulterius
1381 2513 1420 2556 ea

296 2583 504 2658 restauraret;
527 2573 790 2660 depraedationes
812 2574 949 2660 amplius
971 2577 1005 2638 in
1026 2598 1085 2640 sua
1105 2584 1190 2640 terra
1203 2574 1306 2639 nullas
1328 2597 1418 2638 exer-

298 2667 399 2741 ceret3
436 2659 470 2724 in
509 2657 651 2723 Saxonia
688 2657 855 2723 Saxonum
893 2657 1026 2723 consilio
1066 2668 1181 2723 cuncta
1218 2657 1420 2744 disponenda

297 2743 483 2827 disponeret
507 2740 695 2828 nullumque
724 2753 896 2808 extraneae
917 2745 1022 2826 gentis
1036 2741 1198 2806 hominem
1220 2744 1301 2806 suist
1322 2741 1419 2805 rebus

297 2824 431 2911 agendis
461 2825 698 2890 consiliatorem
726 2826 922 2909 admitteret3
953 2837 985 2891 et
1009 2827 1092 2890 hanc
1121 2826 1171 2890 sui
1197 2824 1420 2910 expulsionem

196 2929 248 2970 re.
267 2929 475 2994 enumquam
496 2911 531 2972 in
551 2908 659 2994 aliquo
681 2931 792 2974 eorum
819 2909 1005 2975 vindicaret.
1051 2909 1198 2995 Cumque
1225 2932 1285 2974 rex
1312 2909 1420 2974 omnia

296 2992 377 3058 haec
399 3001 431 3056 et
450 2991 501 3056 his
522 2992 645 3056 maiora
666 3013 700 3055 se
721 2991 882 3058 facturum
897 2993 1080 3058 fidelissime
1101 2995 1309 3078 promitteret,
1330 3014 1421 3057 exer·

298 3076 364 3141 citu
394 3096 452 3138 suo
480 3075 612 3139 dimisso
635 3097 707 3138 eum
727 3077 842 3173 paucis
864 3075 906 3140 ad
929 3077 1075 3142 Saxones
1101 3079 1264 3158 transivit,
1293 3085 1421 3141 etcum

297 3157 447 3224 laudibus
479 3167 512 3222 et
542 3157 662 3243 gaudio
695 3158 881 3244 tnumphali
914 3160 1070 3226 deductus
1101 3160 1282 3226 Geslariam
1314 3182 1352 3223 us
1377 3181 1418 3223 ue

298 3243 453 3329 pervenit.
500 3241 606 3306 Huius
638 3241 775 3306 foederis
804 3242 986 3308 inconsulta
1015 3246 1204 3332 compositio
1235 3181 1418 3312 Saxonifius

298 3327 512 3391 maximorum
540 3323 695 3390 malorum
724 3325 785 3390 fuit
807 3329 854 3391 ori
879 3349 906 3391 o.
951 3327 1035 3392 Nam
1058 3328 1254 3408 Suevorum‚
1278 3329 1333 3414 qui
1354 3325 1420 3390 foe-

298 3411 384 3476 deris
406 3412 471 3475 iam
493 3409 619 3495 pridem
640 3431 713 3474 oum
737 3351 919 3476 Semonibus
947 3411 1024 3476 facti
1045 3433 1110 3476 non
1130 3413 1322 3478 inmemores
1344 3432 1419 3474 curn

298 3517 375 3579 rege
402 3503 515 3559 contra
536 3493 681 3558 Saxones
708 3495 816 3559 venire
844 3494 1042 3577 noluerant0,
1064 3497 1127 3595 ipsi
1149 3496 1310 3576 Saxones,
1340 3494 1418 3563 dum

298 3576 412 3640 foedus
441 3598 515 3640 cum
542 3599 617 3662 rege
644 3577 799 3659 facerent,
832 3577 961 3644 fuerunt
993 3579 1097 3662 oblit1;
1131 3591 1163 3645 et
1191 3579 1232 3644 ob
1262 3579 1324 3643 hoc
1355 3576 1418 3642 illis

301 3659 401 3724 Suevi
413 3659 491 3723 facti
512 3670 585 3723 sunt
606 3682 648 3724 ex
669 3661 781 3725 amieis
803 3659 950 3728 fidelibus
964 3661 1072 3728 hostes
1086 3663 1289 3728 atrocissimi.
1323 3660 1420 3742 Quod

300 3744 328 3805 si
355 3751 411 3806 aut
438 3740 518 3805 illud
544 3763 609 3805 non
635 3743 798 3824 fecissent,
828 3757 883 3809 aut
909 3746 1017 3812 inille
1039 3747 1184 3813 faciendo
1209 3746 1330 3812 Suevos
1357 3745 1420 3808 sibi

298 3826 526 3905 associassent,
555 3835 587 3888 et
615 3825 768 3910 perfidiae
790 3838 866 3894 note
888 3841 1047 3914 carerent,
1074 3841 1106 3896 et
1128 3853 1194 3895 non
1215 3841 1281 3895 tam
1303 3827 1420 3893 multos

301 3907 408 3974 hostes
430 3908 632 3974 saevissimos
654 3908 817 3976 haberent.

385 3993 435 4058 32.
479 3990 604 4056 Eodem
626 4001 733 4060 tamen
754 4004 897 4082 tempore
912 3999 1086 4062 maximam
1101 3999 1188 4063 circa
1201 4021 1260 4064 nos
1283 3997 1419 4062 clemen-

298 4156 325 4210 ιιι)
342 4159 438 4199 nachan
454 4169 526 4210 prope
542 4160 643 4201 Wtrram
659 4162 679 4203 2.
740 4161 764 4215 b)
782 4175 861 4204 eorum
879 4166 899 4205 2.
946 4163 967 4217 e)
983 4166 1107 4206 noluerunt
1123 4168 1143 4207 1.

302 4291 333 4359 1)
360 4293 440 4348 Vocl.
460 4294 491 4345 P.
