3114 4814
308 401 359 451 14⁶
489 401 539 450 DE
558 400 717 452 UNITATE
736 399 942 452 nocuusms
963 399 1238 452 CONSERVANDA.

304 573 462 641 quibuslibet
481 573 630 625 mantibus
649 574 870 640 reprehendenda
887 581 959 636 sant,
978 574 1025 627 scd
1043 592 1118 626 error
1135 575 1265 641 ipsorum,
1283 572 1314 624 in
1329 573 1425 640 quidus

303 658 329 701 et
344 648 504 700 sacramenti
521 647 660 716 inteqritas
676 649 823 701 honoratur
841 657 866 700 et
878 649 971 699 mentis
989 649 1097 699 cursitas
1112 650 1276 700 emendatur.

388 717 419 781 3.
440 716 580 780 Proinde
596 715 745 782 Clemens
759 737 845 801 pepe
860 719 969 800 arguit
983 737 1047 797 eos,
1064 718 1120 801 qui
1135 715 1227 781 aliter
1239 713 1374 779 credunt
1384 714 1425 779 de

304 800 383 885 ipsis
397 801 606 864 sacrementis
619 799 738 865 Christi
749 811 782 864 et
793 798 956 882 ecclesiae,
968 809 1154 882 asserentem
1169 823 1209 866 ea
1219 808 1312 865 extra
1326 797 1427 863 eccle-

304 887 387 948 siam
408 894 609 949 sscraments
630 907 695 949 non
710 907 790 968 esse,
813 887 868 970 qui
891 886 997 966 etiam,
1020 905 1093 948 cum
1113 885 1211 949 fidem
1234 882 1425 948 catholicam

304 990 370 1033 non
396 968 545 1051 habeant,
574 991 645 1034 sese
672 967 847 1035 catholicos
877 968 1052 1055 appellant,
1082 977 1204 1034 ceteros
1226 978 1345 1050 autem,
1367 968 1426 1054 qui

304 1052 405 1118 multo
427 1055 546 1119 rectius
568 1075 665 1141 quem
687 1055 751 1140 ipsi
773 1053 917 1136 credunt,
939 1053 1097 1118 hereticos
1113 1063 1210 1140 etque
1225 1052 1425 1116 scismaticos

304 1159 375 1202 esse
396 1137 583 1203 diiudicent.
626 1138 806 1204 Sciendum
827 1162 913 1221 aero,
934 1139 1094 1225 inquiunt,
1116 1139 1203 1224 quod
1221 1138 1424 1224 Wipbertus¹

305 1225 420 1310 arpuit
446 1222 621 1289 catholicos
651 1245 795 1288 asserere
824 1223 885 1287 iiia
911 1246 994 1308 quae
1014 1223 1107 1306 fiunt
1135 1234 1230 1286 entra
1258 1221 1426 1287 ecclesiam

303 1317 514 1372 sacramenta
542 1330 609 1372 non
638 1329 704 1371 csse
732 1331 790 1372 nee
819 1307 914 1373 uliud
943 1317 1061 1393 quam³
1083 1309 1328 1372 damnationem
1355 1308 1424 1369 eui-

305 1414 404 1476 quam
422 1392 581 1476 conferre,
604 1401 768 1474 astruens,
788 1401 857 1456 tam
878 1401 971 1456 extra
994 1414 1093 1478 quam
1115 1394 1207 1456 intra
1229 1390 1425 1456 catholicam

305 1474 471 1540 eeclesiam
495 1477 707 1541 haecomnia
731 1485 809 1540 rata
837 1485 866 1539 et
886 1499 963 1541 vera
985 1478 1130 1558 euistere,
1161 1477 1359 1560 assumitque
1387 1475 1424 1538 in
1525 1517 1527 1520 -

306 1561 518 1624 testimonium
541 1563 734 1625 assertionis
756 1583 836 1624 suae
857 1560 1042 1646 Aupustini
1068 1562 1261 1625 sententiam
1288 1561 1325 1622 in
1347 1580 1423 1644 quo-

307 1643 384 1708 dam
405 1652 551 1708 tractatu
571 1646 609 1710 in
631 1645 840 1731 euunpelium
854 1645 1017 1710 Iohannis
1039 1653 1155 1709 contra
1170 1645 1426 1730 rebaptizatores

306 1728 459 1792 editam².
493 1728 557 1792 ‘Ita
578 1730 676 1814 erpo',
697 1731 808 1816 inquit
824 1730 1044 1814 Aupustinus,
1067 1735 1134 1793 ‘nce
1146 1729 1241 1814 foris
1263 1731 1347 1792 sicut
1367 1750 1425 1792 nea

306 1813 398 1887 intus
428 1815 603 1898 quisquam
630 1815 688 1899 qui
716 1837 756 1878 eu
778 1823 877 1898 parte
905 1813 1029 1878 diaboli
1051 1823 1097 1878 est
1113 1822 1220 1898 potest
1249 1812 1298 1876 ael
1324 1813 1362 1876 in
1392 1835 1426 1876 se

306 1895 355 1960 oei
383 1898 421 1961 in
443 1920 606 1982 quoquam
631 1898 800 1962 maculare
829 1908 1079 1975 sacramentum,
1103 1899 1191 1984 quod
1215 1897 1339 1964 Otrtstt
1360 1898 1425 1960 est’.

309 1978 415 2054 Quam
447 1992 476 2045 et
505 2005 575 2064 nos,
609 1982 769 2067 inquiunt,
809 1984 1002 2048 sententiam
1022 1982 1169 2066 fideliter
1201 1981 1425 2068 amplectentes

305 2067 549 2150 respondemus,
572 2067 630 2130 doc
646 2066 870 2153 Aupustinum
893 2067 931 2131 de
950 2066 1026 2149 solo,
1049 2068 1136 2131 unde
1158 2076 1236 2132 tune
1255 2066 1426 2150 aquintum

307 2148 460 2233 baptismi
486 2151 611 2215 diuisse
638 2161 852 2215 sacramento.
894 2150 1012 2217 Noun
1039 2150 1184 2234 obsecro,
1211 2157 1319 2214 notate
1341 2159 1426 2213 utro-

306 2253 442 2318 rumque
457 2232 565 2316 verba,
588 2243 624 2298 ut
644 2237 766 2319 puriter
787 2234 993 2321 proficiemus
1013 2233 1127 2299 infide
1142 2233 1315 2316 catholics3
1338 2231 1426 2318 quod

307 2317 400 2380 nobis
414 2327 576 2402 praestare
592 2319 742 2403 dignetur
764 2320 820 2406 qui
835 2321 903 2386 sine
918 2319 981 2386 fine
996 2321 1077 2386 vivit
1099 2330 1131 2385 et
1151 2318 1280 2406 regnat!
1308 2317 1424 2381 Amen.

306 2478 331 2532 s)
347 2481 450 2531 aliquam
467 2483 494 2531 13
509 2482 546 2521 sed
559 2482 589 2532 qs.
605 2479 666 2532 suffe
683 2483 705 2530 V,
720 2495 745 2533 ρ.
762 2483 813 2524 14'1.

310 2623 336 2690 1)
357 2623 399 2677 Oi.
418 2623 464 2676 lib.
484 2625 522 2692 11,
553 2641 577 2676 c.
597 2627 622 2679 4.
698 2625 728 2692 2)
748 2625 790 2678 Of.
809 2627 952 2692 Augustini
972 2628 1062 2694 Opera
1080 2626 1129 2687 lv,
1149 2643 1175 2692 p.
1198 2625 1259 2679 124.

550 3102 774 3170 ADDENDA
796 3104 855 3168 ΕΤ
878 3102 1183 3170 CORRIGENDA.

383 3231 409 3280 p.
424 3213 449 3276 2,
468 3229 494 3266 n.
512 3214 536 3263 1.
550 3214 608 3264 dele
627 3213 721 3276 111,1.
742 3241 775 3251 -
796 3232 822 3280 p.
838 3213 854 3262 8
870 3230 923 3278 pro
942 3213 976 3264 ‘et
987 3213 1108 3279 fortasse
1126 3213 1185 3265 ideo
1205 3213 1258 3264 uit.-
1275 3211 1336 3264 non'
1357 3214 1426 3282 ispe.-

307 3293 333 3340 ct
344 3287 464 3353 fortasse
482 3287 552 3351 ideo,
572 3289 618 3352 ait,
637 3304 700 3338 non.
719 3315 752 3325 -—
769 3306 796 3354 p.
809 3288 852 3340 14.
873 3287 910 3338 ad
929 3288 1078 3338 Domitium
1093 3303 1165 3353 pone
1183 3295 1288 3338 notura:
1306 3289 1425 3339 Revera
1443 3331 1445 3334 .

309 3362 340 3413 1..
360 3361 480 3413 Licinius
500 3361 622 3414 Crassus.
651 3361 705 3413 Sed
725 3362 793 3414 haec
814 3378 846 3411 ex
865 3362 1023 3427 Hieronymi
1044 3378 1085 3428 op.
1104 3362 1147 3424 62,
1169 3362 1193 3413 t.
1214 3361 1337 3412 desumts
1355 3368 1426 3423 sunt,

308 3435 355 3487 ubi
372 3437 427 3487 ism
445 3435 517 3488 idem
537 3452 617 3487 error.
