3098 4818
273 345 308 396 24
549 345 671 398 BRUNO
691 345 741 395 DE
761 343 883 396 BELLO
904 341 1096 395 saxoulcc.

196 528 262 570 10¹⁸-
273 513 407 578 divisuri
435 513 585 595 fuissent,
623 514 699 598 quia
726 522 841 576 natura
869 511 945 594 fert,
977 521 1013 576 ut
1045 519 1133 576 tanto
1166 511 1223 576 fiat
1250 513 1395 598 partium

272 600 377 662 minor
392 599 561 684 quantitas,
585 607 704 682 quanto
725 595 822 661 filerit
835 595 1009 660 earundem
1031 597 1171 681 partium
1193 598 1398 662 numerosior

272 682 448 769 pluralitas.
491 682 665 747 Venientes
687 702 763 766 ergo
793 679 835 744 ad
856 679 969 744 silvam
992 702 1074 764 quae
1094 679 1278 766 Thuringos
1300 703 1396 766 sepa·

272 779 322 832 rat
343 790 362 830 a
383 767 531 845 Francia,
553 764 736 846 audiebant,
759 763 845 850 quod
865 772 896 829 et
915 785 1028 827 verum
1049 775 1126 846 erat,
1169 767 1225 828 uia
1241 765 1392 830 Saxones

274 874 316 916 ex
337 849 437 914 altera
457 860 548 936 parte
570 849 669 914 silvae
691 870 765 912 cum
783 858 872 912 tanta
887 847 1090 912 multitudine
1112 785 1270 928 sederent,
1292 870 1395 935 quan·

273 944 339 998 tam
366 936 457 1020 prius
483 955 560 997 num
584 953 658 997 uam
692 933 756 996 sint
783 931 883 996 auditi
913 931 1089 1080 collegisse.
1132 931 1214 998 Nam
1245 933 1285 998 de
1310 931 1394 996 mili-

273 1019 360 1085 tibus
382 1019 512 1082 armatis
533 956 622 1082 mdia
642 1016 708 1081 fere
730 1017 897 1100 sexaginta
918 1016 1001 1081 habe
1025 1027 1089 1098 ant,
1118 1017 1173 1102 qui
1195 1016 1247 1081 vel
1268 1016 1394 1081 fortiter

274 1103 355 1167 mori
377 1101 428 1167 vel
449 1111 567 1166 terram
595 1123 687 1165 suam
715 1101 797 1164 tueri
817 1098 979 1165 volebant.
1024 1100 1121 1182 Quod
1149 1101 1295 1166 auditum
1317 1121 1391 1164 cum

273 1188 378 1272 primo
400 1208 464 1250 non
486 1185 662 1265 crederent,
690 1194 863 1270 postquam
889 1185 995 1249 missis
1017 1183 1274 1283 exploratoribus
1294 1185 1392 1248 nimis

273 1293 385 1336 verum
400 1293 470 1336 essc
485 1269 732 1354 cognoscebant,
754 1268 854 1332 multo
877 1271 980 1353 magis
998 1267 1102 1334 redae
1116 1271 1230 1333 timore
1246 1277 1391 1352 cogente,

207 1375 370 1442 amquam
391 1355 500 1418 venire
528 1376 585 1438 spe
612 1351 757 1418 trahente
785 1352 1012 1438 properabant.
1056 1352 1121 1418 Sed
1142 1353 1321 1417 Heinricus.
1337 1374 1393 1416 ex-

273 1462 342 1522 rex,
370 1448 556 1504 natantum
577 1437 696 1500 frustra
717 1445 943 1521 congregasset
964 1439 1151 1520 exercitum,
1180 1459 1253 1502 cum
1277 1435 1392 1501 eodem
1414 1510 1419 1522 .

275 1523 404 1608 agmine
434 1521 558 1586 Suevos
585 1521 694 1608 petiit;
727 1520 784 1584 ubi
815 1542 876 1586 nec
905 1519 1050 1585 ecclesiis
1083 1543 1143 1586 nec
1171 1522 1260 1586 atriis
1291 1519 1392 1584 eccle·

274 1607 394 1671 siarum
429 1606 582 1692 pepercit,
619 1615 651 1670 et
685 1607 768 1668 inter
799 1626 905 1668 sacras
942 1605 1155 1691 profanasque
1187 1628 1238 1669 res
1271 1603 1392 1667 nullam

275 1690 488 1755 differentiam
516 1689 599 1771 fecit,
627 1697 664 1753 ut
692 1687 819 1752 illorum
846 1690 1013 1752 avaritiam
1041 1687 1284 1753 insaturabilem
1306 1698 1391 1752 satu-

274 1783 367 1856 raret,
396 1795 477 1860 quos
500 1773 676 1838 Saxoniam
702 1771 883 1858 pollicendo
904 1772 1065 1842 fefellerat.
1109 1773 1170 1853 Ibi,
1199 1772 1286 1859 quod
1312 1771 1392 1834 anti-

200 1875 264 1916 au-
275 1858 413 1944 cipando
434 1859 499 1922 iam
520 1859 657 1938 narravi,
675 1857 880 1921 Treverensis
896 1855 1113 1942 archipraesul
1128 1855 1202 1920 Udo
1224 1855 1393 1920 subitanea

164 1961 219 2004 aa.
229 1965 264 2002 11.
274 1952 376 2008 morte
390 1940 613 2006 miserabiliter
628 1941 716 2019 obiit,
739 1939 816 2004 dum
831 1942 944 2005 timore
961 1942 1022 2007 Dei
1037 1942 1227 2040 postposito,
1242 1939 1391 2004 manibus

215 2026 417 2126 Quis
439 2027 473 2089 in
495 2047 602 2089 sacras
624 2047 675 2088 res
697 2023 830 2089 licenter
851 2025 898 2088 ire
920 2027 1074 2109 permis1t.

118 2159 148 2182 ,.
200 2129 265 2172 ron.
362 2111 431 2175 104.
475 2110 601 2174 Interea
637 2109 773 2173 domnus
815 2108 1026 2194 apostolicus,
1066 2106 1233 2194 apostolici
1268 2107 1391 2192 vigoris

275 2193 402 2276 oblitus,
432 2215 496 2279 qua
518 2213 615 2257 causa
635 2194 805 2271 nescimus,
831 2191 967 2256 multum
997 2201 1046 2257 est
1066 2213 1087 2254 a
1108 2192 1214 2278 priore
1237 2191 1395 2257 sententia

275 2287 425 2342 mutatus.
469 2277 554 2340 Nam
577 2277 633 2423 ‹pui
654 2276 744 2362 prius
766 2275 956 2340 Heinricum
983 2298 1057 2340 cum
1079 2275 1227 2340 omnibus
1250 2277 1316 2340 suis
1338 2273 1393 2338 ad·

275 2361 433 2426 iutoribus
474 2369 587 2446 aposto
601 2361 651 2424 ica
693 2361 862 2424 severitate
905 2361 1255 2442 excommunicaverat,
1299 2359 1393 2444 eique

275 2443 431 2529 regnandi
452 2453 644 2529 potestatem
665 2453 811 2530 potenter
831 2444 1055 2526 interdixerat,
1092 2453 1124 2508 et
1153 2465 1262 2508 omnes
1285 2445 1341 2528 qui
1363 2443 1394 2507 ei

276 2527 459 2594 fidelitatem
483 2529 650 2610 iurassent,
673 2529 876 2592 aiuramenti
890 2527 983 2592 nodis
1005 2526 1182 2614 apostolica
1203 2527 1392 2590 auctoritate

275 2611 465 2694 absolverat,
476 2619 508 2676 et
520 2611 707 2677 electionem
718 2613 794 2676 novi
804 2614 890 2697 regis
902 2633 1058 2676 consensu
1069 2633 1128 2676 suo
1140 2611 1393 2692 confirmaverat,

275 2718 360 2761 nunc
381 2719 440 2782 per
459 2695 580 2761 litteras
602 2695 776 2780 mandavit,
798 2707 833 2761 ut
850 2695 985 2760 concilio
999 2697 1083 2760 facto
1093 2717 1156 2759 rex
1171 2705 1305 2781 uterque
1321 2716 1394 2759 con-

275 2791 408 2846 vocatus
429 2781 587 2863 audiatur,
609 2790 758 2866 atquem
780 2781 900 2845 iustitia
921 2803 1056 2866 regnare
1081 2779 1272 2865 permiserit,
1294 2778 1393 2844 altero

276 2865 419 2951 deposito
441 2875 527 2929 tutus
549 2865 585 2927 in
604 2885 704 2951 regno
727 2865 939 2928 confirmetur.
983 2865 1128 2945 Quarum
1150 2861 1336 2944 litterarum,
1358 2871 1395 2927 ut

276 2949 402 3036 planius
425 2947 511 3033 quod
534 2946 605 3012 dico
627 2949 729 3034 possit
754 2946 898 3033 intelligi,
928 2946 1040 3012 subtus
1067 2945 1252 3032 exemplum
1273 2967 1394 3032 ponere

277 3033 402 3113 curavi,
426 3053 508 3118 quae
522 3041 681 3096 venerunt
701 3055 810 3096 mense
834 3032 1009 3096 Februario
1031 3053 1114 3096 anno
1129 3031 1262 3095 Domini
1280 3030 1393 3095 10792.

203 3152 267 3194 rou.
364 3115 434 3180 105.
493 3113 693 3201 Gregorius¹
736 3119 843 3180 eisco
871 3139 909 3180 us
959 3139 1072 3181 aereus
1112 3138 1279 3179 servorum
1317 3115 1393 3195 Dei,

168 3199 483 3274 arcartarcariaairniab
507 3201 544 3262 in
569 3199 695 3265 Christo
710 3140 797 3283 filiis
851 3201 1037 3264 arabardo⁰
1059 3201 1212 3278 diacone,
1235 3209 1264 3264 et
1285 3199 1392 3279 Bern7

279 3283 408 3347 baralo‘¹
431 3282 552 3364 abbati,
574 3283 759 3348 salutemet
782 3283 996 3368 apostolicam
1014 3284 1273 3348 benedictionem.
1310 3283 1393 3346 nra-

276 3369 424 3432 ternitati
445 3376 569 3431 cestrae
591 3377 702 3432 netum
729 3391 795 3432 esse
823 3391 890 3432 nan
918 3369 1125 3453 ambigimus,
1154 3369 1235 3452 qnia
1256 3367 1329 3432 ideo
1353 3367 1393 3430 ab

284 3453 377 3532 Urbe,
407 3451 522 3534 confisi
544 3452 583 3516 de
610 3452 837 3539 misericordia
856 3452 922 3516 Dei
948 3461 978 3517 et
999 3452 1166 3516 adiutorio
1188 3451 1274 3516 beati
1295 3451 1393 3531 Petri,

277 3537 398 3620 egressi
412 3558 535 3618 sumus,
557 3545 593 3599 ut
608 3536 654 3599 ad
670 3537 916 3600 Teutonicorurn
928 3545 1053 3620 partes,
1076 3537 1288 3619 composituri
1308 3537 1395 3598 inter

278 3641 329 3682 eoa
352 3619 398 3681 ad
420 3619 572 3684 bonorem
593 3619 658 3683 Dei
679 3628 708 3682 et
736 3619 908 3683 utilitatem
936 3629 1069 3683 sanctae
1098 3619 1248 3684 ecelesiae
1266 3641 1393 3702 pacem,

277 3703 503 3767 transiremus.
547 3703 613 3767 sea
635 3705 715 3788 quia
737 3702 922 3787 affuerant,
946 3705 1003 3788 qui
1023 3725 1083 3766 nos
1106 3703 1285 3767 secundum
1306 3701 1395 3785 quod

277 3787 332 3853 dia.
356 3787 473 3850 coitum
505 3795 576 3849 erat
611 3787 840 3867 conducerent,
877 3787 1029 3870 impediti
1062 3787 1203 3850 aduentu
1238 3787 1327 3870 repis
1355 3785 1394 3848 in

277 3808 421 3952 Italiam,
439 3871 477 3934 in
495 3870 733 3955 Langobardia
757 3872 841 3934 inter
861 3872 1013 3935 inimicos
1035 3871 1238 3934 christianae
1260 3867 1393 3954 religio-

279 4005 301 4086 a)
317 4034 466 4077 Muxxvm.
482 4034 527 4074 edd.
560 4033 587 4071 Et
608 4043 656 4072 uere
677 4031 780 4081 cautelae
800 4033 855 4074 duae
870 4045 933 4083 capp.
951 4033 1002 4074 105.
1018 4037 1037 4072 et
1054 4033 1104 4075 106.
1122 4033 1190 4072 eduae
1205 4044 1227 4072 a.
1246 4031 1310 4073 1028.
1326 4029 1394 4070 Sano-

277 4094 342 4134 ns'bus
356 4095 475 4133 innotuisse
490 4093 596 4134 uidentur.
612 4092 653 4132 aaa
661 4091 738 4130 Bruno
754 4093 855 4143 mutatas
870 4093 909 4132 boa
924 4093 1066 4142 infertoribus
1079 4092 1185 4141 adiurati.
1201 4091 1225 4130 P.
1265 4088 1289 4142 b)
1306 4100 1353 4130 car.
1370 4090 1395 4130 ln

278 4153 325 4193 cur
345 4152 360 4194 f.
381 4153 457 4192 daant
477 4152 501 4190 tn
520 4152 570 4201 Ray.
640 4149 660 4202 c)
677 4151 703 4190 B.
725 4153 745 4190 l.
772 4151 907 4191 Bernhardo
929 4151 1047 4192 Romanae
1069 4152 1183 4193 ecclesiae
1205 4151 1265 4191 diac.
1281 4151 1294 4190 2
1309 4153 1328 4189 et
1343 4149 1395 4198 Rea.

278 4209 302 4262 d)
319 4211 337 4249 B
354 4213 380 4261 13
396 4211 532 4252 Bernhardo
547 4211 689 4250 Massiliensi
704 4209 783 4250 abbati
799 4212 811 4250 t
827 4215 846 4250 et
861 4211 913 4260 Bae.

281 4338 308 4406 1)
329 4340 407 4409 (ἶνες.
430 4341 493 4394 VII.
507 4341 622 4409 Rapiatr.
636 4341 689 4406 IV,
710 4341 754 4392 23.
768 4341 844 4392 Data
863 4350 901 4394 est
919 4342 945 4394 d.
967 4343 1010 4395 31.
1024 4341 1094 4393 Maii
1113 4342 1235 4395 a10'tt.
