3116 4822
352 343 403 392 DE
422 339 581 391 UNITATE
601 339 806 393 accusem:
827 341 1104 395 CONSERVANDA.
1281 344 1297 394 7

173 532 207 574 re
232 510 282 573 iac
310 509 475 594 dignitatis
504 529 542 570 ac
569 509 679 593 regiae
706 510 873 593 potestatis
900 507 1103 574 Hildericum
1133 532 1206 574 cum
1234 511 1296 576 hoc

174 531 232 656 tad
260 594 339 674 viro,
366 593 428 672 cui,
457 601 493 656 ut
522 589 610 655 salva
637 590 775 656 dixerim
803 593 877 674 fide,
904 615 968 658 non
990 594 1152 658 invenitur
1172 596 1206 658 in
1227 602 1295 660 toto

174 677 373 741 Francorum
396 697 495 761 regno
517 676 622 760 aptior
636 697 775 760 persona
788 676 933 742 Romano
954 678 1100 764 imperia,
1144 699 1218 744 uem
1236 701 1296 765 per

172 772 276 825 totum
303 770 433 846 tempus
464 761 661 824 imminentis
692 759 776 840 belli,
807 761 894 908 guod
921 762 985 824 iam
1015 784 1074 848 per
1104 700 1144 826 ll
1172 775 1292 827 annos¹

168 855 295 929 gestum
312 856 368 925 est,
391 845 482 910 Deus
503 843 693 908 mirabiliter
714 853 804 908 custo
829 845 897 926 ivit,
920 867 1015 931 quem
1039 846 1125 910 etin
1146 845 1294 912 omnibus

169 928 313 1013 praeliis,
348 927 466 1014 quibus
499 928 625 992 sexies¹
658 949 732 991 cum
765 927 911 994 hostibus
948 928 1105 1013 conflixit,
1138 929 1292 996 ineffabili
1304 952 1333 994 or.
1342 955 1420 1004 mre.

169 1013 267 1076 modo
283 1013 426 1098 protexit
447 1020 479 1076 et
496 1012 623 1096 eripuit.
656 1011 775 1076 Hostes
793 1013 913 1111 quippe
928 1014 996 1078 eius
1013 1023 1112 1094 erant,
1130 1015 1186 1100 qui
1200 1017 1292 1080 iuxta

169 1097 295 1180 regium
306 1118 428 1161 morem
440 1105 640 1160 sacramento
655 1096 685 1159 ci
699 1095 796 1160 fidem
812 1095 986 1182 aquuando
1024 1099 1223 1180 remiserant,
1235 1100 1291 1186 qui

170 1201 231 1266 pro
254 1202 292 1245 eo
315 1180 356 1244 ad
377 1178 613 1245 confirmandas
635 1181 812 1264 supradicti
827 1201 932 1266 papae
947 1120 1162 1246 Hildebrandi
1183 1193 1291 1268 partes

168 1263 252 1328 duos
282 1265 388 1350 potius
417 1265 583 1354 invasores
604 1264 697 1348 regni
719 1285 816 1350 quam
837 1286 940 1349 reges,
962 1287 1062 1328 unum
1109 1275 1158 1331 ost
1178 1287 1289 1346 unum,

166 1370 266 1434 super
298 1370 333 1412 se
365 1348 604 1430 constituerant,
637 1369 772 1432 quorum
804 1359 909 1412 unus⁸
942 1350 977 1412 in
1007 1287 1130 1434 proelio
1163 1349 1289 1433 cecidit,

164 1430 267 1496 alter⁴
295 1433 329 1495 in
357 1433 597 1518 expugnatione
619 1432 713 1495 unius
736 1431 857 1496 castelli
880 1432 1105 1499 miserabiliter
1127 1433 1289 1500 occubuit.

166 1515 223 1580 Sic
244 1513 298 1579 ille
319 1516 483 1580 Romanus
504 1515 649 1601 pontifex
664 1537 779 1600 paoem
795 1516 1006 1599 confirmavit,
1030 1539 1127 1604 quam
1143 1517 1289 1584 Christus

164 1599 256 1664 dedit
276 1598 424 1665 fidelibus
439 1611 535 1686 atque
549 1599 687 1684 reliquit.
722 1601 837 1665 Pacem
851 1625 964 1683 omum,
986 1602 1100 1686 inquit,
1124 1603 1166 1667 do
1187 1603 1288 1684 vobis,
1297 1619 1348 1660 1011·
1358 1621 1392 1674 u.
1401 1621 1438 1665 tt.

162 1707 280 1832 pacepc
300 1685 450 1770 relinquo
471 1685 572 1749 vobis.
605 1683 662 1748 Et:
684 1684 784 1748 Beati
795 1685 945 1769 pacifici,
968 1689 1125 1772 quoniam
1139 1685 1210 1769 filii
1223 1687 1290 1752 Dei
1297 1708 1379 1750 uasti.
1388 1708 1439 1762 aa.

166 1791 246 1833 voce
268 1778 382 1833 untur.

250 1853 281 1916 4.
313 1851 400 1916 Ecce
421 1860 529 1916 autem
551 1863 619 1918 erat
640 1854 724 1918 inter
745 1853 825 1917 haec
841 1851 1039 1922 Herimanno
1061 1853 1199 1918 Metensi
1221 1855 1287 1939 epi-

165 1956 266 2021 scopo
295 1957 361 2000 non
389 1935 518 2000 modica
547 1949 642 2001 cura⁵
671 1935 722 2001 vel
750 1936 790 2001 de
818 1934 1019 2001 obedientiae
1046 1939 1204 2002 sententia
1235 1935 1287 2002 vel

164 2019 206 2082 de
233 2018 308 2084 fidei
336 2041 413 2084 suae
442 2020 681 2104 observatione;
710 2029 844 2085 noverat
869 2021 965 2100 enim,
998 2043 1032 2085 se
1068 2019 1285 2085 obedientiam

162 2102 282 2169 debere
303 2103 449 2168 Romano
471 2104 616 2190 pontifici
637 2116 770 2204 propter
791 2105 964 2190 primatum
980 2103 1284 2188 sedisapostolicae,

163 2197 298 2252 noverat
312 2189 418 2270 etiam,
434 2210 468 2253 se
482 2188 568 2271 fidei,
610 2211 685 2252 uam
699 2197 878 2253 ruramento
894 2189 1084 2273 promiserat
1097 2190 1175 2272 regi,
1196 2187 1286 2253 debi-

161 2283 265 2336 torem
287 2271 396 2354 fuisse,
420 2294 557 2358 quorum
579 2211 766 2338 dlterutrum
788 2270 907 2336 violare
930 2273 1038 2358 magni
1067 2281 1116 2338 est
1129 2271 1285 2420 periculi,

1143 2379 1162 2420 a

161 2365 194 2421 et
214 2355 290 2420 ideo
312 2378 385 2422 reus
407 2378 476 2421 esse
491 2356 619 2422 videtur
635 2357 766 2442 grandis
811 2355 918 2438 iaculi,
940 2379 999 2442 per
1035 2378 1109 2420 uem
1164 2366 1215 2422 cta
1237 2367 1286 2422 est

163 2439 244 2504 haee
266 2439 421 2504 discessio
444 2441 527 2504 inter
543 2451 683 2506 rectores
705 2379 827 2504 mundi.
861 2439 929 2505 Sed
950 2378 1206 2524 issedregorius,
1228 2442 1285 2527 qui

162 2533 196 2589 et
217 2522 412 2606 Hildibrant,
442 2545 590 2588 securum
620 2524 857 2610 quodammodo
885 2524 961 2589 fecit
987 2525 1189 2610 praedictum
1218 2526 1285 2612 epi-

165 2627 301 2692 scopum
329 2618 361 2674 et
387 2607 526 2694 reliquos
553 2608 692 2673 fautores
720 2609 860 2694 partium
889 2630 1020 2672 suerum
1043 2630 1140 2696 super
1160 2610 1284 2675 iuratae

163 2690 241 2756 fidei
261 2694 546 2777 praevaricatione,
569 2693 745 2774 scribenst,
772 2701 808 2755 ut
835 2690 1077 2776 supradictum
1101 2701 1158 2770 cst,
1182 2715 1283 2778 quen-

161 2775 239 2840 dam
267 2777 451 2861 pontificem
481 2777 663 2840 Romanum
691 2798 801 2840 omnes
822 2775 1042 2859 Francigenas
1063 2799 1083 2840 a
1104 2776 1283 2841 iuramento

161 2858 332 2941 fidelitatis,
354 2882 450 2946 quam
467 2860 633 2925 Hilderico
648 2859 762 2942 inutili,
785 2867 822 2923 ut
835 2859 904 2944 ipse
920 2859 1016 2925 etiam
1032 2859 1118 2939 dicit,
1134 2859 1176 2923 ad
1191 2861 1283 2947 regni

160 2942 382 3028 gubernacula
403 2946 472 3029 regi
494 2947 717 3030 promiserant,
738 2941 926 3026 absolvisse,
956 2952 994 3008 ut
1014 2943 1218 3030 intelligatur,
1248 2965 1282 3009 se

184 3049 292 3114 uoque
312 3027 369 3092 tali
383 3029 533 3115 exemplo
548 3051 644 3114 posse
660 3050 740 3115 quos
754 3028 892 3093 voluerit
905 3051 925 3092 a
940 3038 1140 3093 sacramento
1155 3027 1282 3094 debitae

159 3051 237 3176 ldei
259 3110 444 3194 absolvere3
474 3123 605 3198 propter
632 3114 720 3200 quod
749 3123 781 3178 et
802 3111 862 3176 hoc
884 3111 1000 3195 intulit,
1023 3113 1109 3199 quod
1133 3112 1281 3177 dominus

161 3196 256 3260 beato
272 3196 360 3262 Petri
381 3195 475 3261 dicit:
499 3199 547 3262 Tu
568 3220 600 3261 es
615 3198 741 3278 Petrus,
763 3207 792 3260 et
814 3219 914 3281 super
936 3198 1022 3261 banc
1038 3207 1167 3281 petrem
1190 3185 1420 3288 aedi-Mssgfftgt

152 3280 266 3362 ficebo
294 3281 459 3346 ecclesiam
485 3303 599 3362 meam,
629 3291 658 3344 et
681 3291 801 3365 portae
829 3282 932 3366 infert
957 3303 1024 3345 aon
1043 3281 1282 3365 praevalebunt

163 3365 322 3429 adversus
344 3389 426 3447 eom,
449 3375 478 3428 et
498 3366 559 3429 tibi
580 3366 663 3430 dabo
687 3365 793 3429 claves
814 3367 913 3448 requi
935 3364 1107 3445 caelorum,
1130 3373 1159 3429 et
1181 3364 1281 3449 quod·

161 3470 298 3532 cumque
325 3448 485 3535 lipeoeris
511 3471 613 3534 super
641 3459 770 3529 terram,
800 3450 862 3512 erit
889 3449 1030 3535 ligatum
1060 3457 1089 3510 et
1109 3450 1147 3512 in
1170 3447 1280 3528 coelis,

162 3541 194 3595 et
243 3533 445 3618 eodenmque
477 3531 612 3598 solveris
639 3555 740 3618 super
767 3542 899 3613 terram,
926 3533 988 3596 erit
1019 3531 1158 3596 solutum
1185 3541 1214 3594 et
1243 3533 1280 3596 in

161 3555 273 3683 caedis.
306 3616 427 3681 Verum
450 3618 547 3682 etiam
569 3626 692 3681 certum
714 3626 772 3697 est,
795 3614 882 3700 quod
904 3615 1052 3680 dominus
1074 3615 1168 3680 beato
1183 3615 1281 3680 Petro

161 3709 195 3764 et
223 3700 257 3763 in
285 3700 356 3786 ipso
385 3710 514 3765 sanctae
542 3699 695 3765 ecclesiae
722 3699 846 3764 dederit
872 3701 923 3764 ius
951 3698 1075 3782 ligandi
1101 3707 1198 3786 atque
1221 3698 1281 3764 sol-

164 3873 191 3935 1)
219 3872 286 3923 Onm
306 3873 405 3924 bellum
425 3889 494 3923 anno
518 3871 595 3925 1073.
614 3876 708 3924 initum
727 3876 771 3938 sit,
790 3874 859 3924 baec
877 3873 962 3924 verba
981 3888 1050 3923 anno
1071 3873 1152 3925 1090.
1179 3873 1280 3938 scripta

161 3961 223 3996 esse
242 3953 363 4012 apparet.
440 3946 468 4010 2)
488 3947 584 3996 Animo
604 3949 720 3998 auctoris
738 3947 787 3997 illa
806 3947 927 4013 pericula
946 3946 1089 3997 obversata
1108 3961 1167 3997 esse
1186 3945 1279 3996 viden·

161 4024 213 4080 tur,
232 4019 328 4084 quibus
347 4035 395 4070 rex
415 4019 555 4070 defunctus
576 4025 617 4071 cst
635 4020 706 4086 apud
726 4021 893 4086 Hohenburg
911 4036 936 4069 a.
952 4018 1037 4082 10753
1058 4019 1129 4086 apud
1143 4017 1281 4068 Mellricb·

161 4093 236 4142 stadt
248 4091 366 4156 a.1oss;
380 4092 452 4158 apud
465 4093 617 4142 Fletcheim
629 4092 749 4154 a.1080;
767 4092 837 4159 apud
851 4091 1053 4143 Hohenmouen
1067 4085 1187 4148 a.1080;
1206 4089 1280 4156 apud

162 4164 314 4214 Plsichfeld
328 4182 352 4216 a.
362 4165 446 4228 1086;
463 4165 534 4231 apud
549 4165 680 4216 Gleicben
694 4181 719 4218 a.
729 4166 808 4217 1088.
832 4165 955 4216 Eundem
969 4179 1106 4214 numerum
1116 4168 1197 4229 atque
1208 4163 1280 4213 ordi·

163 4254 225 4288 nem
244 4238 405 4304 proeliorum
424 4239 526 4289 habent
543 4238 662 4289 Annales
683 4239 710 4290 S.
730 4238 855 4288 Disibodi
875 4245 902 4288 ct
921 4237 1108 4289 Ottenburani.
1177 4235 1206 4300 3)
1226 4236 1279 4286 Ru·

161 4311 259 4365 dolius.
336 4311 365 4377 4)
384 4312 573 4364 Hsrimannus.
647 4313 675 4375 5)
696 4312 770 4374 Quae
789 4311 872 4362 verba
896 4326 975 4376 quam
994 4325 1059 4360 vera
1083 4311 1145 4372 sint,
1168 4316 1281 4376 apparet

161 4399 196 4433 ex
215 4386 293 4435 initio
311 4384 442 4452 epistulae
461 4383 535 4435 illius
556 4383 637 4447 (June
656 4385 676 4435 l.
691 4401 714 4436 c.
734 4403 761 4452 p.
775 4382 851 4450 458).
926 4383 952 4448 6)
973 4381 1078 4434 Ibidem
1097 4399 1124 4450 p.
1143 4381 1206 4434 458.
