3114 4814
312 351 381 402 vm
608 348 728 399 BRUNO
746 349 796 399 DE
815 349 933 400 BELLO
953 348 1141 401 SAXONIOO.

312 519 402 582 tione
428 526 541 581 nostra
569 515 709 596 collatio,
738 517 831 581 nobis
858 538 983 603 qnoque
1005 539 1071 580 non
1089 539 1206 602 panca
1228 518 1441 582 emendanda

311 599 428 667 relicta
439 599 552 684 fnisse
575 601 725 664 ostendet.

397 685 515 749 Bonna
537 685 670 748 initium
693 687 777 749 anni
798 707 820 746 a
841 686 1013 749 nativitate
1035 684 1172 748 Domini
1193 695 1389 768 compatat1.

1152 784 1191 849 G.
1215 787 1258 850 H.
1279 787 1438 850 PERTZ.

398 1045 528 1110 Novam
549 1046 722 1110 Bennonis
749 1046 922 1110 editionem
943 1053 1071 1129 petente
1101 1043 1141 1108 G.
1170 1045 1273 1109 Waiiz
1302 1064 1433 1128 snscep-

312 1139 425 1209 iarns,
459 1152 540 1193 aens
572 1153 644 1193 sam
676 1130 769 1193 unici
800 1129 923 1192 codicis
954 1128 1139 1213 Lipsiensis
1172 1126 1343 1192 collatione
1370 1150 1436 1212 pec·
1536 1123 1539 1150 ¹

315 1213 359 1276 Η.
382 1213 467 1276 Kohl
490 1236 521 1276 a.
546 1215 636 1278 1876.
660 1213 836 1298 dilipentec
846 1211 958 1294 facta,
982 1235 1080 1298 qnam
1101 1213 1147 1276 W.
1163 1211 1274 1275 Arndt
1296 1211 1434 1296 benipne

312 1296 396 1360 mini
422 1299 660 1377 transmiserat,
690 1319 756 1360 non
778 1297 848 1359 sine
860 1295 984 1382 fcnpe;
1015 1296 1137 1361 Pertzii
1164 1297 1251 1360 enim
1273 1305 1434 1360 accurata

313 1379 511 1458 sollicitudo,
544 1403 616 1444 cam
668 1379 799 1464 ieraqne
828 1388 911 1443 recte
940 1381 1148 1460 emendasset,
1175 1401 1293 1463 panca
1325 1388 1433 1442 tamen

316 1463 433 1546 aliqua
460 1472 496 1526 nt
509 1463 552 1544 fit
574 1403 770 1548 neqiiaerac.
813 1462 879 1526 Sed
906 1486 979 1527 cnm
1006 1464 1109 1528 dnbio
1139 1465 1300 1548 quaedam
1323 1463 1432 1527 adlenc

314 1556 486 1626 restarent,
507 1547 618 1630 ipsam
640 1547 780 1610 codicem
802 1569 824 1609 a
843 1546 874 1610 V.
894 1545 1084 1632 GLndolfo
1100 1545 1210 1627 Kceisl,
1227 1547 1433 1612 bibliothecae

316 1631 543 1694 universitatis
558 1631 742 1715 Lipsiensis
752 1628 930 1714 praefecto,
953 1633 1096 1716 gratiose
1112 1633 1342 1696 transmissam
1358 1631 1432 1694 diii-

316 1723 428 1799 9eniec·
449 1715 596 1778 adisibni.
644 1713 787 1779 Ceteram
807 1715 893 1777 inter
913 1715 1013 1780 libros
1031 1717 1223 1780 monasterii
1243 1715 1278 1779 S.
1295 1715 1434 1780 Romae

316 1797 500 1882 Lipsiensis
514 1801 604 1864 circa
624 1822 655 1862 a.
674 1798 763 1862 1300.
781 1807 1046 1863 commemoratae·
1068 1798 1158 1862 ‘liber
1172 1798 1336 1864 Saaonici
1350 1797 1433 1862 belii’

314 1883 352 1945 in
371 1879 446 1946 Cod.
462 1882 555 1966 Dipl.
573 1881 744 1947 Senoniae
758 1882 884 1968 chiae
899 1882 944 1964 II,
967 1882 997 1962 9,
1018 1905 1054 1966 p.
1079 1881 1149 1962 163,
1172 1901 1272 2030 apoc
1287 1891 1433 1947 nostram

315 1965 423 2029 deseri
448 1975 515 2030 tam
537 1989 603 2030 esse
618 1975 726 2050 pates.
770 1967 882 2030 Hnias
903 1967 1064 2052 specimen
1090 1966 1179 2030 dean
1228 1967 1347 2030 onzias
1369 1965 1432 2030 SS.

321 2047 384 2113 Vol.
435 2098 458 2130 .,
495 2051 589 2115 alind
623 2051 731 2114 mains
758 2072 866 2135 nopes
888 2049 1028 2133 protulit
1055 2051 1100 2113 W.
1129 2048 1240 2114 Arndt
1267 2053 1305 2114 in
1333 2049 1433 2114 libro:

314 2133 559 2278 ‘Scholifiiafeln
581 2157 654 2197 cnm
677 2133 848 2197 Gebcaacn
870 2133 921 2198 bei
950 2131 1173 2220 Voclesnnpen’
1195 2143 1251 2197 etc.
1273 2134 1338 2198 cab.
1360 2134 1411 2198 60.

418 2240 440 2279 n
455 2240 541 2281 nooa
557 2217 618 2280 isac
633 2218 772 2281 editione
786 2219 901 2281 canios
916 2217 1063 2282 codicum
1083 2217 1243 2298 lectiones,
1265 2220 1302 2282 in
1318 2219 1434 2303 priori

314 2298 393 2362 oiim
415 2302 564 2382 omissas,
592 2300 804 2364 annotandas
826 2303 1025 2380 curavimus,
1047 2301 1105 2366 sed
1125 2323 1181 2365 eas
1201 2310 1329 2365 tontum
1351 2324 1434 2388 qnae

316 2381 460 2446 alicuine
474 2387 625 2448 momenti
639 2407 704 2448 3333
719 2384 916 2448 viderentur.
954 2387 1084 2449 Omissa
1099 2395 1177 2448 sant
1187 2385 1434 2471 quamplurima

313 2465 437 2531 codicis
462 2467 477 2529 1
500 2469 630 2550 menda,
652 2469 708 2532 abi
729 2467 768 2530 de
789 2490 868 2531 occa
888 2467 1021 2532 lectione
1042 2469 1178 2533 dabinm
1199 2492 1265 2533 esse
1287 2491 1352 2532 nan
1371 2491 1432 2554 po-

313 2558 416 2630 taron·
435 2560 610 2635 practerea
631 2551 870 2637 omioprapisia
899 2553 944 2616 ad
967 2553 1166 2636 antiquioris
1189 2555 1262 2616 aeci
1284 2575 1434 2618 normam

315 2633 384 2696 iam
407 2656 428 2696 a
449 2635 573 2699 Perizio
595 2645 640 2700 esi
660 2635 849 2720 reformata.

400 2718 550 2784 Beroiini
571 2744 612 2784 m.
635 2719 721 2806 Any.
747 2717 837 2784 1879.
991 2718 1035 2784 W.
1064 2718 1389 2785 WATTENBACH.

317 2875 347 2944 1)
368 2877 408 2945 Cy.
429 2899 454 2931 a.
477 2881 664 2934 loeo-1081.
685 2899 743 2948 cap.
767 2881 826 2930 131.
