3114 4814
363 1298 612 1366 PROLOGUS
634 1299 861 1367 SAXONICI
876 1299 1023 1364 BELLI.

1263 1337 1417 1390 &imm-

219 1460 356 1539 ssllomno
379 1497 438 1538 suo
453 1474 670 1552 dilectissimo,
693 1497 869 1562 numquam
885 1477 954 1540 sine
975 1476 1030 1562 pia
1050 1474 1252 1539 veneratione
1316 1534 1318 1544 ,

132 1557 345 1640 nominande,
381 1559 593 1624 Werinbero³
629 1569 758 1623 sanctae
791 1559 1065 1644 Merseburgensis
1098 1555 1253 1622 ecclesiae
1313 1632 1315 1641 Ι

157 1643 273 1708 raesuli
287 1642 481 1725 venerande,
505 1643 625 1725 Bruno,
646 1642 723 1707 licet
744 1646 922 1728 perexigua
941 1665 1016 1707 suae
1032 1653 1140 1707 tamen
1161 1642 1253 1704 fami-

132 1663 195 1791 llac
241 1727 332 1808 oruc,
356 1727 511 1813 quicquid
532 1726 617 1791 valet
639 1726 776 1790 hominis
798 1729 964 1813 utriusque
987 1727 1125 1792 devotio.

216 1749 307 1875 lnter
334 1832 406 1875 eum
429 1811 484 1897 qui
504 1833 622 1874 munus
644 1809 775 1899 aliquod
798 1809 905 1892 donat,
933 1819 1059 1875 etcum
1083 1812 1134 1874 cui
1156 1811 1253 1875 dona-

133 1904 195 1976 tur,
217 1895 296 1960 haec
318 1905 366 1959 ast
387 1893 590 1958 observanda
611 1894 704 1976 ratio,
725 1903 761 1957 ut
776 1917 850 1957 cum
864 1895 924 1959 iste
938 1895 973 1957 in
987 1894 1143 1958 thesauris
1157 1893 1255 1958 nichil

133 1979 305 2063 pretiosius
334 1978 421 2064 quod
448 1978 544 2042 donet
564 1979 708 2042 invenire
729 1977 844 2060 valeat,
872 1988 949 2042 tunc
971 1976 1024 2041 ille
1045 2000 1178 2042 munere
1199 1976 1255 2042 tali

133 2062 232 2126 nichil
253 2061 422 2127 iocundius
443 2063 592 2148 accipiat.
630 2061 726 2142 Quod
748 2083 809 2146 ego
824 2061 1040 2142 considerans,
1063 2083 1137 2125 cum
1151 2071 1254 2148 pater-

133 2146 226 2210 nitati
253 2155 388 2228 vestrae‚
416 2148 468 2209 cui
494 2168 553 2232 pro
583 2144 706 2209 viribus
734 2147 815 2209 meis
836 2145 934 2209 immo
956 2145 1040 2210 ultra
1061 2147 1145 2210 vires
1166 2167 1255 2211 meas

134 2251 261 2316 semper
289 2232 408 2296 servire
437 2229 593 2311 desidero,
623 2252 739 2293 munus
768 2228 897 2314 aliquod
929 2229 1042 2294 offerre
1070 2228 1254 2313 voluissem,

134 2335 198 2399 quo
227 2313 386 2379 fervorem
412 2315 527 2379 mentis
550 2315 646 2378 etiam
667 2313 744 2378 foris
766 2311 902 2377 alicuius
925 2315 1031 2398 operis
1053 2315 1255 2378 attestatione

134 2408 356 2479 monstrarem,
379 2399 526 2463 omnibus
549 2398 673 2462 seriniis
695 2419 839 2462 mearum
861 2397 1049 2462 facultatum
1070 2399 1288 2484 perquisitis*

135 2481 239 2544 solum
265 2480 443 2546 litterarum
470 2504 572 2566 genus
601 2483 726 2562 inveni,
756 2482 842 2567 quod
871 2491 903 2546 et
930 2491 1056 2547 vestrae
1083 2484 1255 2547 convenire

135 2564 284 2648 dignitati
312 2576 345 2629 et
372 2587 463 2629 meae
491 2587 556 2629 non
577 2566 682 2651 impar
704 2587 774 2629 esse
797 2575 944 2650 putarem
966 2565 1138 2630 devotioni.
1181 2566 1255 2630 Hoc

135 2649 221 2713 enim
243 2669 359 2712 munus
382 2651 494 2713 ceteris
516 2649 674 2730 omnibus,
690 2671 781 2747 ’quae
804 2647 866 2712 sibi
887 2649 1025 2747 invicem
1047 2651 1150 2747 possit
1167 2651 1255 2715 beni·
1324 2681 1326 2684 ·

135 2734 242 2818 gnitas
263 2732 404 2797 humana
424 2732 545 2818 largiri,
567 2735 738 2819 pretioslus
760 2733 1005 2818 aestim0,'qu1a
1026 2754 1095 2796 erus
1118 2743 1150 2797 et
1165 2735 1256 2819 origo

134 2815 273 2882 nobilior
294 2825 326 2882 et
347 2839 425 2880 usus
447 2815 651 2882 excellentior
666 2827 698 2881 et
711 2827 799 2880 aetas
813 2815 968 2902 probatur
982 2839 1051 2882 esse
1067 2816 1256 2882 diuturnior.

135 2903 261 2964 Aurum
290 2923 431 2987 namque
452 2900 505 2964 vel
527 2910 632 2966 cetera
655 2923 738 2987 quae
759 2901 905 2966 homines
927 2901 1103 2986 praecipua
1125 2901 1256 2984 ducunt,

93 3051 97 3058 ,
135 2984 176 3048 de
205 2995 311 3051 terrae
339 2986 515 3051 visceribus
537 2996 613 3050 nata
623 2986 646 3068 Ι),
676 2983 799 3048 nullum
821 2985 965 3050 tribuunt
986 2987 1111 3050 animae
1132 2985 1257 3071 profec-

135 3077 223 3150 tum,
255 3069 311 3136 sed
339 3069 504 3156 fragilitati
539 3091 712 3155 corporeae
742 3067 840 3133 breve
870 3067 1050 3133 subsidium
1078 3067 1130 3134 vel
1159 3070 1256 3135 etiam

135 3149 282 3216 luxuriae
303 3153 458 3238 praebent
480 3165 573 3238 turpe
589 3154 764 3235 servitium,
788 3162 820 3217 et
835 3153 912 3216 dum
928 3174 1065 3238 corpora
1079 3163 1257 3218 sustentant

135 3233 312 3318 hominurn,
327 3237 468 3322 effugere
482 3239 649 3323 proprium
662 3259 728 3300 non
741 3247 877 3321 possunt
891 3238 1063 3302 interitum.
1101 3237 1257 3317 Quamvis

136 3319 234 3383 etiam
257 3321 283 3382 si
306 3321 415 3406 quieta
443 3321 575 3402 iaceant,
607 3342 672 3385 non
693 3321 757 3384 sint
778 3331 855 3401 tuta,
886 3319 962 3383 dum
989 3321 1147 3386 tinearum
1174 3343 1257 3385 mor-

138 3403 227 3466 sibus
253 3402 306 3466 vel
328 3403 441 3469 scabra
461 3402 609 3488 rubigine
632 3425 773 3485 corrosa,
803 3403 858 3466 diu
880 3425 1009 3468 manere
1031 3426 1096 3467 non
1117 3403 1256 3470 valeant.

138 3486 288 3552 Studium
315 3509 393 3552 vero
421 3486 597 3551 litterarum
624 3508 644 3550 a
670 3485 822 3552 latebris⁰
851 3487 977 3573 animae
1008 3487 1256 3555 secretioribus‘¹

136 3570 244 3656 ligone
266 3571 397 3635 rationis
427 3571 587 3651 effossum,
616 3570 739 3635 nullum
762 3571 859 3636 debet
880 3571 1024 3656 corporis
1046 3569 1256 3639 imbecillitati

137 3655 312 3736 servitium,
343 3654 400 3718 sad
422 3677 506 3734 eum,
537 3656 627 3718 cuius
649 3654 806 3720 industria
827 3655 993 3742 processit,
1020 3654 1137 3720 format
1158 3667 1190 3723 et
1211 3661 1258 3723 in-

137 3740 231 3803 struit
251 3740 405 3820 animum,
427 3741 507 3803 adeo
524 3740 696 3804 senectutis
711 3737 763 3804 vel
776 3740 921 3804 interitus
936 3740 1093 3825 ignarum,
1110 3752 1146 3807 ut
1160 3744 1258 3809 etiam

137 3844 176 3887 ea
205 3843 287 3908 quae
312 3832 452 3887 torrente
481 3821 634 3888 violentia
655 3823 808 3910 temporis
829 3825 997 3923 rapiuntur
1018 3825 1060 3890 ad
1081 3826 1257 3908 interitum,

138 3905 179 3970 ab
208 3908 280 3993 ipso
311 3908 465 3992 temporis
494 3906 617 3993 impetu
646 3905 822 3972 litterarum
848 3919 949 3974 virtus
972 3921 1105 3976 conetur
1126 3913 1258 3998 eripere,

138 3999 171 4054 et
193 4013 319 4078 semper
339 4013 424 4056 nova
439 3992 531 4090 quasi
546 3992 731 4056 stationaria
746 3990 926 4078 legentibus
942 3995 1119 4059 ostendere.
1139 3997 1260 4082 =Igitur
1332 4044 1335 4053 .

138 4073 259 4140 bellum
281 4075 367 4161 quod
389 4073 561 4139 Hermicus
582 4098 641 4140 rex
662 4097 737 4140 cum
754 4075 936 4142 Saxonibus
959 4079 1035 4163 egit,
1058 4076 1257 4144 volo'breri·

138 4167 187 4223 ter
208 4169 240 4223 et
260 4159 417 4224 veraciter
442 4158 591 4242 scribere,
621 4160 703 4224 sicut
724 4159 766 4224 ab
789 4162 848 4244 his,
879 4162 935 4248 qui
955 4163 1053 4228 rebus
1074 4165 1258 4247 intererant,

140 4298 164 4352 a)
180 4302 319 4344 Werinnero
335 4315 352 4345 c.
406 4302 430 4354 b)
446 4305 478 4344 ita
493 4305 553 4353 edim
569 4309 623 4345 nuto
638 4316 656 4347 c.
709 4303 730 4357 c)
746 4306 778 4346 ita
793 4307 910 4348 emendavit
927 4307 947 4349 I.
964 4305 1003 4348 rs.
1022 4308 1111 4358 Brrurt'q
1126 4310 1151 4348 irs
1165 4309 1217 4350 diss.
1234 4310 1260 4350 de

138 4361 267 4402 continuato
285 4363 346 4403 Fred.
364 4363 471 4412 chronico,
488 4364 560 4404 Beroi.
577 4376 599 4404 a.
618 4363 686 4415 raim
703 4365 817 4406 laterior.
878 4364 902 4419 d)
917 4367 1012 4417 ita·sd„·
1028 4369 1166 4409 stercoribus
1181 4380 1199 4411 c.

1012 4441 1027 4502 1
