3098 4818
422 300 542 351 BRUNO
561 300 610 350 DE
629 300 749 350 BELLO
769 299 957 351 SAXONIOO.
1217 299 1257 350 81-

134 491 219 555 quae
249 469 481 532 mandavimus
518 490 575 533 uos
600 467 723 548 fidem*
758 491 824 532 non
856 469 1016 532 babuisse.
1067 469 1111 532 Et
1160 484 1330 564 καθηψ-

135 554 306 617 carissime
328 553 472 633 domine,
494 552 683 617 incredibile
705 553 795 616 uobis
809 554 915 616 visum
936 561 997 633 est,
1021 554 1109 638 quod
1120 490 1159 637 sq
1167 562 1253 617 atres
1278 554 1302 593 ¹²
1318 541 1374 583 ⁸¹⁸·

135 637 240 700 nostri
262 646 290 701 et
312 638 505 784 coepiscopi,
532 635 653 700 scilicet
681 636 818 701 domnus
846 637 1132 722 Wirceburqensis,
1154 637 1254 700 Pata-

134 723 256 784 oiensis
283 730 312 784 et
342 745 361 784 a
376 721 403 784 ii
424 722 491 784 oiri
511 720 659 805 reliqiosi
679 720 769 784 uobis
790 723 828 784 in
849 723 983 785 ueritate
1005 723 1253 802 nuntiaverunt,

135 805 283 890 quodque
305 828 338 868 se
359 806 480 869 vidisse
501 813 530 868 et
552 806 685 869 audisse
711 806 818 868 testati
839 804 941 868 sunt?
987 803 1093 883 Certe,
1114 805 1253 887 domine,

134 911 202 952 non
223 891 261 952 in
283 889 389 952 uerbis
410 889 576 952 mendacii
596 887 791 970 confidimus
811 888 959 968 liberari,
982 889 1039 952 sed
1059 891 1168 973 maqis
1187 912 1253 953 cre-

134 974 244 1038 dimus
268 973 347 1058 quia
368 976 490 1038 veritas
511 973 661 1037 liberabit
682 995 751 1036 nos.
781 973 873 1036 Deus
896 974 954 1056 qui
975 981 1021 1036 est
1042 974 1174 1054 ueritas,
1196 973 1256 1056 qui

135 1057 224 1121 solus
245 1056 387 1121 laborem
409 1066 438 1120 et
458 1057 601 1122 dolorem
622 1057 816 1138 considerat,
839 1079 906 1121 non
928 1057 1071 1120 deseruit
1085 1066 1254 1140 sperantes

133 1143 243 1222 inse,
274 1141 331 1206 sed
352 1143 498 1206 visitavit
528 1164 587 1205 nos
615 1143 652 1204 in
681 1140 908 1205 misericordia
930 1151 959 1204 et
980 1141 1253 1205 miserationibus.

133 1225 224 1289 Nam
256 1248 315 1290 reu
347 1234 455 1290 noster
483 1224 652 1310 Rodulfus
675 1224 781 1308 fortis
809 1227 846 1288 in
881 1246 915 1288 eo
968 1228 1003 1288 ui
1031 1225 1090 1288 dat
1118 1223 1417 1299 salutemususao.

135 1309 277 1394 reqibus,
296 1309 335 1373 de
353 1311 498 1375 inimicis
506 1309 643 1374 Domini
648 1318 799 1394 potenter
815 1248 1033 1394 triumpbavit
1040 1321 1061 1389 ¹,
1074 1309 1254 1372 Heinricus

136 1403 243 1456 autem
265 1393 359 1457 solito
381 1416 468 1457 more
490 1416 562 1458 cum
585 1395 654 1456 suis
669 1392 910 1477 complicibus⁸,
927 1401 1130 1477 praetereas
1146 1395 1254 1478 quiin

134 1477 249 1562 qludio
271 1478 469 1558 ceciderunt,
499 1479 536 1541 in
548 1477 675 1562 fuqam
696 1499 809 1540 versus
831 1486 892 1557 est,
920 1479 1031 1540 comite
1053 1475 1109 1540 illo
1131 1487 1160 1540 et
1181 1497 1255 1542 con-

132 1563 316 1646 participe‚
339 1563 434 1625 cuius
456 1560 616 1625 malitiam
638 1583 693 1625 uos
715 1562 753 1624 in
775 1561 856 1624 bono
878 1562 1006 1624 uincere
1018 1561 1158 1644 frustra
1178 1570 1254 1624 tem·

129 1649 262 1729 plastis,
277 1645 435 1728 Ropousa
459 1645 580 1709 scilicet
594 1645 891 1730 Bubenberqensess,
908 1647 966 1728 qui
980 1645 1096 1708 borum
1111 1647 1256 1709 omnium

137 1738 253 1792 auctor
281 1739 310 1792 et
336 1731 483 1792 incentor
510 1738 565 1792 est.
608 1729 691 1791 Eto
720 1731 844 1792 utinam
874 1729 913 1791 de
939 1751 1003 1792 sua
1032 1730 1193 1793 sociorum
1216 1751 1255 1792 ne

135 1813 207 1876 eius
212 1813 410 1897 flaqitiosa‘1
415 1813 567 1896 fallacia
583 1813 692 1875 adbuc
708 1815 790 1876 satis
804 1812 933 1875 edoctus
938 1810 1113 1894 fuissetis!
1134 1752 1255 1893 Nobile,

136 1897 306 1960 carissime
328 1897 466 1975 domine,
488 1895 587 1960 nolite
610 1893 754 1979 amplius
778 1896 823 1958 ad
844 1897 1033 1960 irrisionem
1049 1897 1176 1960 suncti⁶
1199 1919 1255 1960 no-

137 1981 235 2043 minis
264 1982 364 2044 vestri
393 1981 581 2045 huiusmodi
610 1981 754 2044 bomiues
779 1979 931 2059 mulcere,
962 1989 1083 2062 etpost
1104 1989 1168 2043 tam
1182 1979 1256 2063 fre-

158 2073 267 2128 uentes
288 2064 441 2150 repulsas
462 2073 634 2150 turpesque
657 2064 858 2149 deceptiones
878 2066 996 2127 iterum
1018 2073 1114 2148 atque
1139 2065 1257 2127 iterum

136 2087 294 2212 ducatum
322 2150 363 2212 ab
385 2153 432 2214 eis
454 2171 619 2234 quaerere.
663 2147 831 2212 Adventus
858 2157 960 2211 uester
982 2147 1028 2210 ad
1049 2170 1109 2212 nos
1130 2157 1257 2211 tantum

136 2234 229 2297 nobis
251 2243 330 2298 esset
351 2233 592 2313 desiderabilis,
619 2243 778 2319 quantum
799 2241 829 2294 et
850 2235 1074 2312 necessarius;
1103 2232 1160 2295 sed
1183 2254 1257 2296 nere

137 2319 273 2398 scimus,
304 2320 384 2402 quia
412 2327 524 2402 sponte
552 2317 683 2381 illorum
709 2318 754 2381 ud
781 2325 911 2381 nostras
936 2325 1049 2400 partes
1078 2339 1257 2402 numquam

136 2403 280 2480 venietis,
302 2405 371 2466 nisi
388 2405 489 2486 prius
505 2404 583 2465 certi
605 2404 681 2483 sint,
703 2424 759 2465 oos
780 2399 912 2464 illorum
927 2401 1026 2558 garli
1037 2398 1167 2484 fauere,
1190 2422 1257 2464 uon

132 2507 199 2569 pro
220 2486 351 2549 iustitia
372 2485 428 2549 sed
444 2506 510 2568 pro
532 2486 695 2550 voluntate
722 2487 881 2568 ipsorum.
957 2493 1138 2568 uapropter
1159 2484 1257 2548 nolite

137 2571 174 2634 in
190 2590 300 2632 eorum
313 2568 384 2649 fide
399 2592 487 2652 spem
506 2593 638 2654 ponere,
661 2591 798 2655 quorum
817 2569 963 2652 perfidia
977 2570 1091 2631 totiens
1106 2570 1256 2651 deceptus

137 2654 222 2716 estis.
255 2653 338 2716 Ecce
359 2655 482 2734 uidetis,
505 2655 662 2738 quomodo
678 2650 897 2736 multiplicata
913 2661 988 2716 sunt
1002 2651 1091 2715 mula
1105 2655 1142 2716 in
1158 2662 1256 2732 terra,

137 2735 227 2800 mula
249 2759 387 2820 quorum
409 2759 476 2800 non
504 2747 550 2800 est
574 2759 748 2817 numerum
777 2745 805 2800 et
828 2745 986 2800 certamen
1016 2736 1104 2820 quod
1126 2760 1147 2799 a
1168 2737 1258 2800 vobis

136 2823 256 2885 initum
278 2830 446 2906 uestraque
467 2823 612 2885 iussione
639 2830 821 2904 susceptum
844 2829 904 2900 est,
932 2822 1000 2883 iam
1027 2842 1094 2883 non
1116 2843 1181 2904 per
1201 2842 1257 2883 uos

137 2929 195 2970 nec
218 2914 411 2989 pernostra
433 2905 562 2969 decreta
583 2907 805 2990 componitur,
835 2904 891 2967 sed
919 2903 1110 2989 qladiorum
1130 2904 1257 2968 iudicio

137 2991 381 3054 terminandum
393 2989 640 3074 derelinquitur.
673 2989 843 3074 Rapumus
855 3011 932 3074 erqo
943 3011 999 3052 vos
1015 2997 1044 3050 et
1055 2988 1257 3052 obsecramus

137 3075 175 3138 in
204 3075 361 3154 Domino,
397 3083 432 3136 ut
459 3075 589 3137 remotis
618 3075 687 3137 iam
716 3073 945 3142 blandimentis
971 3081 1000 3134 et
1028 3070 1256 3154 dilationibus,

136 3161 283 3222 iustiliae
304 3157 369 3221 zelo
389 3180 444 3221 uos
467 3160 667 3243 accinqatis;
698 3167 726 3219 et
748 3161 779 3222 si
799 3180 866 3221 non
883 3166 1023 3242 propter
1044 3179 1120 3237 nos,
1148 3165 1256 3220 tumen

134 3250 271 3326 propter
296 3242 448 3305 bonorem
477 3251 611 3306 sanctae
640 3242 726 3305 sedis
753 3242 919 3322 ecclesiae,
948 3239 1136 3321 confirmate
1168 3241 1258 3324 quod

138 3335 292 3410 operatus
313 3327 522 3390 est·eiusdem
550 3326 635 3390 sedis
656 3327 799 3411 loqutus,
828 3328 877 3389 ita
906 3335 942 3388 ut
963 3333 992 3388 et
1020 3327 1097 3388 uiua
1125 3345 1198 3388 voce
1229 3334 1257 3387 et

136 3409 252 3475 litteris
273 3409 391 3494 ubique
413 3412 617 3474 transmissis
632 3412 702 3473 sine
717 3410 929 3495 ambiquitate
944 3409 1152 3488 denuntietis,
1196 3408 1257 3472 uid

136 3497 174 3558 in
205 3494 267 3557 lunc
295 3492 445 3556 ecclesiae
474 3495 634 3560 divisione
661 3495 832 3557 tenendum
856 3495 912 3573 sit,
942 3492 1024 3576 quid
1046 3431 1253 3576 sequendum.

140 3576 235 3653 Quod
257 3579 287 3641 si
307 3578 376 3641 iam
397 3579 523 3641 dudum
535 3577 669 3662 factum
681 3577 816 3662 fuisset,
840 3578 918 3641 certi
939 3598 1050 3640 sumus
1071 3578 1151 3662 quia
1167 3599 1256 3661 pars

136 3663 256 3747 iniqua
279 3662 359 3726 adeo
381 3664 449 3726 iam
470 3665 556 3726 uires
575 3663 794 3748 perdidisset,
823 3670 859 3725 ut
886 3684 943 3724 nec
966 3661 1055 3724 uobis
1080 3682 1139 3725 nec
1161 3660 1255 3725 nobis

137 3746 282 3832 amplius
296 3767 409 3810 nocere
418 3746 636 3831 praevaleret.
661 3747 712 3811 Nc
729 3747 855 3810 adiciat
869 3745 958 3809 ultra
973 3747 1133 3809 sanctitas
1147 3754 1255 3809 uestra

136 3831 175 3895 de
198 3832 293 3894 certis
309 3830 465 3916 ombiqua
480 3840 509 3894 et
523 3833 682 3917 utrimque
697 3832 865 3917 uerqentia
883 3838 1031 3910 statuere,
1054 3851 1139 3915 quae
1153 3850 1256 3912 usque

135 3915 228 3980 modo
250 3937 310 3979 nos
331 3917 380 3979 ita
392 3914 509 3998 fouere
523 3918 597 3979 uisa
611 3925 696 3996 sunt,
720 3924 878 4001 quatenus
892 3915 1044 3979 inimicos
1058 3923 1165 3977 tamen
1189 3934 1256 3976 non

136 4008 379 4083 eccasperarent.
422 3998 489 4063 Sed
511 4009 631 4063 certum
653 4009 713 4080 est,
736 3998 840 4086 quod‘
861 3999 950 4062 nullo
972 3997 1066 4062 modo
1089 3996 1256 4061 ecclesiam

136 4139 342 4251 llwnleibm
396 4142 420 4196 b)
429 4143 599 4195 B.l;Roberto
608 4145 629 4184 2.
675 4142 697 4196 c)
705 4144 852 4194 nsuenburg.
863 4147 882 4186 1.
928 4141 951 4194 d)
960 4142 1084 4191 flcgiclel.
1137 4138 1159 4192 c)
1169 4140 1224 4181 decet
1235 4142 1256 4180 1.

134 4293 169 4360 Ι1)
189 4313 215 4348 a.
235 4299 315 4351 1078.
335 4297 363 4351 d.
385 4300 409 4350 l.
430 4299 514 4366 Auq.,·
534 4317 558 4350 o.
578 4298 719 4351 Bertltoldi
737 4295 808 4349 Anu.
828 4297 859 4350 P.
879 4306 902 4350 et
922 4314 1006 4363 supra
1024 4314 1044 4348 c.
1064 4296 1110 4348 96.

1028 4381 1048 4446 6
