3116 4822
311 318 361 369 DE
381 318 541 370 UNITATE
564 319 769 372 ECGLESIAE
790 321 1065 376 CONSERVANDA.
1213 327 1248 377 33

124 491 159 554 in
181 491 314 554 veritate
335 507 402 550 non
424 488 555 572 steterit,
578 509 620 552 ex
639 488 713 637 [ipso
736 497 794 572 eat,
817 491 873 576 qui
894 491 1096 558 mendacium
1124 495 1247 580 primus

126 575 248 660 genuit,
293 571 425 636 uoniam
447 593 541 638 omne
563 594 636 636 men
661 574 767 636 aoium
790 595 831 638 ex
845 577 981 642 veritate
1003 586 1142 660 nonest,
1165 580 1249 646 siout

126 666 253 722 sanctus
267 595 427 722 iohannes
448 657 502 722 ait.
535 656 656 739 uuicti,
678 658 793 744 inquit,
815 683 906 724 uerno
928 685 984 726 ooo
1007 663 1149 729 seducat.
1182 663 1410 750 Quinnuaue.

115 743 211 828 facit
236 744 410 822 iustitiam,
439 743 547 806 iactae
577 751 632 824 eet,
660 743 745 806 sicut
776 752 805 805 et
824 743 915 808 Dour
944 747 1052 811 iaetus
1080 757 1135 812 ert.
1183 748 1249 822 Qui

113 827 209 913 facit
229 836 409 911 peccatum,
432 847 472 890 erc
495 827 626 890 diabolo
649 837 705 906 est,
729 830 884 912 quoniam
916 829 955 892 ab
978 833 1074 895 initio
1096 833 1248 898 diabolus

119 920 247 998 peccat.
291 911 333 974 Iu
356 911 415 974 hoo
438 920 553 992 auteur,
575 910 689 996 inquit,
712 915 876 996 apparuit
895 913 991 995 filiae
1013 915 1088 997 Dei,
1119 925 1155 979 ut
1183 917 1248 982 die·

125 995 232 1060 eoloat
261 1016 363 1079 opera
391 994 525 1058 diaboli.
570 993 662 1075 Quae
692 993 814 1080 opera?
856 995 1003 1061 Peccata.
1047 999 1133 1064 Ecce
1166 1022 1247 1100 quae

125 1089 158 1144 et
180 1079 273 1142 cuius
295 1099 391 1164 opera
412 1076 497 1142 filius
520 1077 585 1143 Dei
605 1079 692 1143 venit
720 1077 909 1145 dissolvere:
941 1083 1060 1165 Natta,
1089 1085 1248 1170 inquiens,
1258 1093 1338 1134 uaau.
1351 1092 1372 1144 ⁵,
1382 1095 1408 1134 1⁷

122 1173 259 1248 putare,
288 1163 366 1247 qaia
392 1165 467 1227 veui
496 1162 616 1228 soluere
644 1162 744 1250 legem
773 1173 831 1227 aut
853 1165 1052 1250 prophetam
1084 1191 1151 1233 uou
1173 1171 1249 1234 veui
1300 1153 1363 1193 '¹⁹'

128 1247 261 1327 solvere,
294 1247 352 1310 ced
383 1247 574 1332 adimplere.
617 1247 720 1312 Aenea
754 1250 877 1334 quippe
910 1251 983 1315 dico
1015 1251 1114 1334 vobis,
1148 1253 1248 1318 douee

125 1339 275 1394 trauseat
306 1330 430 1394 caelare
459 1341 488 1394 et
509 1341 607 1412 terra,
640 1334 709 1396 iota
736 1355 839 1396 auara
869 1345 927 1396 out
955 1358 1043 1400 uuae
1073 1359 1160 1421 aper
1181 1359 1247 1402 uou

122 1415 317 1500 praeteribit
344 1437 366 1478 a
392 1415 471 1562 lide,
501 1416 601 1480 douec
632 1417 742 1481 oruuio
764 1417 864 1499 fluat.
910 1417 977 1492 Qut
1008 1442 1085 1506 erqo
1118 1421 1249 1486 soluerit

125 1521 228 1562 uuum
257 1499 296 1563 de
324 1521 401 1562 rnau
428 1501 492 1562 atio
521 1503 594 1565 istis
622 1501 768 1564 minimis
795 1511 823 1565 et
854 1501 1002 1570 docuerit
1022 1507 1070 1568 cio
1093 1505 1247 1587 homiues,

124 1585 282 1647 ruiuirnuc
302 1583 472 1648 vocabitur
491 1585 528 1648 iu
550 1607 653 1670 raquo
675 1583 857 1668 caelorum
880 1589 938 1671 qui
960 1597 1064 1652 eatan
1077 1587 1199 1672 fecerit
1220 1599 1248 1652 et

123 1669 283 1749 docuerit,
314 1667 366 1730 tic
394 1691 551 1766 maquuc.
567 1669 736 1734 vocabitur
763 1671 801 1734 iu
830 1693 864 1732 re
890 1693 931 1734 uo
954 1671 1130 1738 caelorum.
1174 1673 1247 1738 Hoc

125 1751 261 1818 verbum
283 1750 347 1814 Dei
372 1749 515 1838 loqultur
542 1754 623 1838 ipse,
651 1753 707 1838 qui
735 1761 784 1817 est
804 1693 939 1818 veriium
960 1755 1034 1838 Dei,
1059 1755 1143 1820 filius
1165 1757 1246 1822 Dei:

127 1835 211 1922 Eoo,
237 1835 397 1922 inquiam,
426 1859 466 1900 err
493 1857 542 1900 rae
564 1839 638 1921 ipso
660 1859 727 1901 aou
749 1860 821 1900 eum
842 1837 977 1920 locutae,
1000 1841 1057 1904 ced
1079 1844 1137 1926 qui
1157 1843 1391 1920 retrituratur.

122 1943 175 1984 rue
196 1919 304 2001 Pater,
326 1922 398 2004 ipae
420 1921 502 1985 milri
522 1921 715 1985 mandatura
742 1922 839 2004 dedit,
870 1924 951 2007 quid
973 1923 1081 1988 dicam
1110 1933 1139 1988 et
1166 1925 1247 2010 quid

127 2003 256 2090 loquar,
279 2005 338 2090 qui
357 2025 424 2068 riou
446 2007 531 2086 aeui,
553 2005 581 2068 lc
606 2028 654 2069 eru
676 2014 735 2069 aut
750 2006 932 2090 prophetas
954 2007 1083 2084 solvere,
1106 2009 1162 2072 ced
1185 2009 1406 2090 ad-uauuuar.

125 2087 268 2172 implere.
316 2086 383 2162 Qui
413 2099 519 2154 actem
546 2029 676 2154 coiverit
704 2099 733 2152 et
762 2091 909 2154 docuerit
930 2093 987 2172 cio,
1009 2091 1043 2156 id
1065 2101 1114 2157 est
1135 2113 1245 2156 seeun-

127 2170 205 2236 dum
235 2171 323 2258 quod
353 2170 457 2254 solvit,
484 2193 550 2236 non
579 2172 757 2239 seeundum
783 2173 817 2237 id
847 2175 933 2260 quod
954 2176 1076 2242 invenit
1105 2187 1137 2242 et
1157 2175 1245 2260 legit,

125 2258 282 2322 atterimus
304 2255 474 2322 uocabitur
501 2260 540 2322 iu
561 2281 662 2342 requo
685 2257 858 2340 caelorum,
880 2283 905 2328 et
922 2275 1042 2340 fortasse
1066 2275 1134 2340 ideo,
1164 2261 1407 2338 sicutnaucaa

54 2417 57 2424 ι
127 2343 173 2405 ait
194 2340 431 2425 Augustinus¹‚
456 2373 511 2408 uou
534 2357 584 2409 erit
608 2355 638 2408 iu
662 2373 743 2425 raquo
769 2357 910 2421 aucloruen,
935 2356 981 2408 aot
1006 2357 1060 2409 uiui
1077 2359 1168 2428 maqui
1192 2375 1247 2412 eree

124 2457 180 2491 uon
201 2447 323 2504 possunt.
371 2424 531 2488 Dominus
558 2425 642 2488 enim
670 2425 761 2489 iesus
789 2424 937 2490 Christus
966 2426 977 2487 i
1003 2447 1037 2489 se
1063 2436 1128 2508 est,
1160 2426 1247 2512 quod

125 2505 303 2592 praedicat
332 2509 467 2573 verbum
502 2507 576 2590 Dei,
625 2508 697 2573 ideo
722 2531 763 2573 ue
807 2529 923 2595 eorpus
996 2507 1086 2572 hristi
1133 2509 1247 2575 intelli-

125 2591 216 2674 gitur
247 2592 341 2655 etiam
369 2589 572 2678 euangelium
600 2592 674 2673 Dei,
701 2531 849 2656 doctrina
877 2593 950 2674 Dei,
984 2594 1142 2678 scriptura
1169 2593 1245 2658 Dei.

47 2727 49 2730 <
126 2673 222 2740 Unde
241 2673 481 2762 Hieronymus²
508 2675 542 2739 in
568 2677 769 2761 expositione
793 2676 862 2742 147.
885 2674 1018 2761 psalmi:
1050 2691 1124 2745 Iacet
1143 2709 1246 2758 araus,

120 2759 240 2844 inquit,
263 2774 328 2828 Ieou
341 2775 438 2828 carisa·
452 2775 482 2827 iu
494 2775 617 2842 mysterio
629 2775 821 2841 poenitueruit,
840 2775 984 2842 siquando
998 2783 1086 2826 tamea
1104 2791 1248 2827 sermonem

124 2849 180 2902 Dei
199 2847 382 2911 audimuaet
408 2867 469 2901 caro
490 2847 588 2900 Curiati
606 2860 631 2901 ct
653 2849 762 2916 cauyuie
787 2848 843 2901 eiua
854 2849 987 2916 funditur
1009 2848 1106 2900 uostris
1126 2847 1245 2900 auribus.

127 2917 268 2980 Proinde
290 2918 346 3002 qui
368 2918 559 3002 scripturam
574 2916 638 2982 Dei
661 2916 764 2998 solvit,
787 2917 895 2982 Iesum
918 2914 1023 2996 solvit,
1068 2916 1102 2978 ui
1124 2915 1248 2980 scilicet

125 3000 209 3066 filius
232 3001 296 3064 Dei
316 2999 452 3066 verbum
478 3001 542 3064 Dei
571 3021 612 3087 ap
638 3002 730 3083 aruit,
751 3011 787 3066 ut
809 3000 912 3066 solvat
933 3021 1030 3086 opera
1074 2997 1185 3083 ‘aboli3
1215 3007 1393 3078 erumna,

126 3094 162 3150 ut
184 3084 298 3150 eadem
320 3106 418 3170 opera
439 3083 559 3148 diaboli
581 3023 705 3150 scirent
726 3085 909 3152 sacerdotes
937 3086 971 3148 in
991 3085 1090 3150 verbo
1112 3084 1186 3166 Dei,
1211 3087 1246 3150 in

126 3170 245 3234 virtute
259 3169 333 3250 Dei,
357 3169 516 3234 concessit
531 3167 688 3252 Ohristua²
710 3168 795 3234 filius
810 3170 875 3234 Dei
889 3171 966 3252 vivi,
984 3171 1040 3254 qui
1055 3169 1138 3234 dixit
1151 3169 1245 3234 beato

126 3253 223 3318 Petro
246 3254 333 3318 etin
354 3254 426 3339 ipso
449 3262 577 3318 sanetae
600 3252 764 3337 ecclesiae,
785 3262 896 3340 utpote
915 3276 1014 3338 supra
1034 3262 1159 3338 petram
1176 3251 1246 3316 fun-

125 3336 236 3404 datae:
267 3336 484 3424 Quaecunque
504 3339 661 3424 liqaoere‘c
683 3349 934 3424 superterram,
961 3346 1058 3402 eruut
1089 3336 1197 3422 liyata
1218 3347 1247 3402 et
1255 3353 1409 3406 maantam·

125 3423 164 3486 iu
185 3421 295 3502 caelia,
325 3431 354 3486 et
376 3445 586 3508 quaecuuque
607 3422 742 3487 solaerio
763 3432 1008 3508 superterram,
1030 3430 1125 3484 eruat
1139 3419 1247 3485 solata

125 3516 156 3570 ct
183 3508 221 3570 iu
248 3505 357 3570 caedis.
409 3507 542 3572 Verbum
571 3509 657 3572 euiru
682 3508 748 3572 Dei
776 3515 821 3572 eet
850 3528 917 3572 uou
946 3504 1129 3590 alliqatura,
1162 3504 1406 3574 sicutnumer-

124 3597 263 3655 testatur
284 3587 451 3675 apostolus
466 3591 540 3672 Dei,
562 3611 622 3654 nec
644 3588 726 3654 solvi
746 3592 865 3676 poterit
885 3589 950 3654 ullo
969 3587 1065 3653 modo
1087 3589 1246 3673 scriptura

115 3673 200 3756 Dei,
224 3695 305 3758 opus
326 3673 401 3756 Dei,
424 3674 558 3739 verbum
579 3673 653 3746 Dei.
696 3675 786 3740 Nara
807 3674 939 3757 coelam,
960 3673 1075 3760 inquit,
1102 3682 1131 3736 et
1157 3683 1246 3738 terra
1255 3687 1408 3736 mattheaei.

124 3759 325 3841 transibunt,
348 3759 446 3823 uerba
468 3769 574 3823 autem
597 3781 667 3824 mea
689 3781 754 3824 uou
775 3759 974 3824 transibunt.
1017 3757 1120 3842 Igitur
1149 3777 1247 3904 ogere

126 3841 248 3908 diaboli
270 3850 344 3906 sunt
365 3853 499 3928 peccata
519 3840 694 3925 hominum,
716 3843 809 3908 iuxta
827 3843 915 3930 quod
930 3841 1047 3907 dicitur
1060 3862 1118 3926 per
1132 3840 1168 3906 Io
1192 3863 1246 3906 an-

124 3947 200 3992 nom
230 3924 428 4012 apostolum:
465 3925 531 4001 Qui
548 3926 641 4012 facit
660 3937 840 4012 peccatam,
868 3949 909 3992 erc
938 3926 1068 3992 diabolo
1096 3934 1150 4006 eet,
1181 3946 1247 3990 non
1258 3941 1335 3984 1.10h.
1343 3939 1364 3993 a
1372 3940 1395 3982 8·

125 4011 232 4076 carnis
262 4013 417 4096 originem
448 4010 594 4076 ducendo
624 4032 666 4076 ex
695 4010 833 4094 diabolo,
862 4010 921 4077 sed
953 4009 1164 4095 imitationem
1195 4007 1247 4073 vel

128 4207 157 4274 1)
177 4211 322 4276 Augustini
348 4213 446 4278 Opera,
471 4213 524 4272 ΙΙΙ,
546 4212 571 4276 2,
601 4228 627 4278 p.
656 4212 707 4262 173
727 4212 760 4262 E.
804 4209 844 4264 Of.
871 4225 951 4276 supra
971 4225 995 4259 c.
1016 4187 1041 4258 4.
1136 4205 1162 4268 2)
1183 4203 1246 4254 Hie·

125 4298 252 4350 ronymus
271 4286 330 4338 Lo.
350 4284 449 4336 Pselm.
472 4284 689 4352 147(001.530.
711 4285 786 4350 531).
856 4322 860 4332 .
999 4364 1015 4412 3
1041 4331 1044 4336 .
