3116 4822
323 373 372 422 DE
392 373 551 424 UNITATE
571 373 776 424 EOOLESIAE
797 373 1074 426 CONSERVANDA.
1225 377 1258 426 27

141 553 296 607 doctrinam.
336 539 490 604 Similiter
519 550 550 605 ct
575 539 764 605 Anastasius
791 563 877 626 papa
904 564 969 606 non
998 541 1153 608 iudicavit
1175 543 1259 608 Ana·

142 623 271 687 stasium
302 623 527 709 imperatorem
556 624 732 690 hereticum
754 627 865 711 utique
894 635 925 690 et
950 625 1150 692 defensorem
1173 627 1259 691 here-

145 707 288 788 ticorum,
317 707 384 790 sed,
407 709 489 772 sicut
512 707 660 773 Gelasius
683 731 812 794 quoque
841 709 970 794 fecerat,
993 711 1179 797 suppliciter
1200 733 1259 797 pro

142 813 220 874 pace
236 789 454 856 ecclesiastica
470 791 643 879 alloquitur
658 815 746 857 eum:
771 808 833 873 Fili,
854 795 1001 880 inquiens
1011 808 1032 876 ¹,
1054 810 1259 874 clementissine,

142 897 189 931 nor
208 881 388 946 supplicantes
407 883 611 934 controversiam
630 884 752 934 nolumus
771 900 907 935 remanere
926 885 1083 948 insecteris,
1103 901 1162 934 crnn
1175 885 1259 950 acopis

142 952 253 1004 citanda
271 953 306 1006 sit
324 957 462 1019 contentio,
482 957 616 1022 qnoniam,
636 957 703 1007 sicat
716 956 744 1006 in
755 956 905 1022 proverbiis
918 957 1025 1022 dicitnr,
1045 957 1136 1009 odinrn
1151 957 1261 1008 suscitat

143 1036 278 1096 contentio,
298 1037 403 1087 ornnisa
421 1047 508 1090 anteon
527 1039 573 1104 qni
591 1056 644 1090 non
659 1037 790 1090 contendit
803 1046 881 1104 prote
903 1037 919 1088 ‘t
938 1038 1082 1090 amicitiam
1097 1033 1129 1088 el
1144 1033 1260 1105 cetera,

144 1125 225 1188 quae
262 1101 401 1187 plurima
436 1104 578 1191 loquitur
613 1127 671 1190 pro
708 1127 788 1190 pace
826 1055 1051 1186 ecclisiastica,
1089 1107 1259 1192 quoniam:

143 1201 201 1264 Ille,
227 1187 346 1272 inquit,
371 1221 424 1270 pro
450 1201 552 1255 Obricto
572 1204 703 1270 fnnpitnr
728 1203 866 1272 bepeticne,
896 1203 943 1270 qni
961 1221 1014 1268 pro
1040 1222 1108 1272 pace
1131 1211 1260 1270 precatur

145 1283 276 1337 ecclesiae.
325 1269 470 1335 Christus
504 1273 589 1335 enim
625 1282 673 1336 est
705 1293 772 1356 pax
803 1281 921 1352 nostra,
950 1281 981 1335 et
1010 1273 1082 1357 ipsa
1114 1281 1162 1336 est
1194 1295 1261 1358 pax

142 1360 252 1416 nostra
284 1375 412 1440 quoque
445 1356 557 1440 patria,
590 1355 632 1418 ad
662 1377 758 1441 quam
788 1356 996 1440 suspiramus,
1029 1367 1061 1420 et
1089 1356 1131 1420 ad
1186 1378 1261 1419 uam

142 1436 310 1520 tendimus,
333 1440 359 1502 si
382 1448 489 1503 tamen
510 1439 638 1525 pacifici
660 1461 779 1520 sumus,
803 1440 954 1525 quoniam
978 1437 1122 1504 caelestis
1146 1379 1260 1504 llieru-

142 1516 250 1602 salem,
274 1544 355 1607 quae
378 1533 425 1588 est
447 1535 550 1587 mater
563 1533 682 1604 nostra,
704 1523 785 1587 visio
800 1523 890 1608 pacis
912 1524 1147 1608 interpretatur,
1170 1526 1261 1588 cuius

141 1605 293 1668 terminos
315 1607 425 1691 posuit
444 1607 605 1670 Dominus
627 1629 752 1692 pacem,
774 1609 857 1670 sicut
878 1629 936 1692 per
957 1606 1156 1692 psalmistam
1185 1609 1399 1684 dici-emona.
1441 1611 1445 1623 '

142 1698 209 1752 tur:
233 1691 329 1753 cuins
349 1693 568 1775 participatio
591 1695 662 1755 eins
683 1693 721 1756 in
742 1692 780 1756 id
793 1693 913 1776 ipsura,
935 1702 971 1755 ut
985 1691 1107 1756 scilicet
1128 1693 1263 1756 ecclesia

141 1770 214 1854 Dei,
239 1795 322 1859 quae
345 1783 376 1838 et
398 1775 511 1838 civitas
531 1775 605 1856 Dei,
629 1797 729 1838 unum
751 1795 867 1859 eorpus
890 1775 931 1839 sit
953 1797 1026 1840 cum
1045 1775 1183 1858 Christo,
1206 1779 1263 1862 qui

140 1853 173 1918 id
202 1857 312 1942 ipsum
341 1866 399 1940 est,
429 1859 514 1944 quod
545 1857 747 1924 aeternaliter
773 1867 829 1940 est,
858 1857 898 1922 de
929 1880 992 1943 quo
1014 1859 1120 1944 Moysi
1141 1859 1262 1924 dictum

142 1949 204 2004 est:
234 1942 308 2027 Epo
329 1965 402 2008 senc
425 1945 483 2028 qni
504 1967 584 2007 surr.
629 1942 695 2007 Sed
723 1941 937 2022 Hierusalem,
969 1963 1051 2027 quae
1073 1943 1262 2008 aedificatur
1272 1965 1372 2018 axona,
1381 1967 1415 2006 14.

142 2031 177 2086 ut
207 2027 331 2107 civitas,
361 2027 452 2090 cuius
480 2027 683 2112 participatio
712 2027 780 2090 eius
809 2026 844 2089 in
865 2025 899 2090 id
921 2028 1037 2172 ipsum,
1060 2029 1203 2093 continet
1228 2027 1262 2090 in

141 2107 351 2173 fundamento
366 2108 506 2194 lapidem
522 2133 682 2174 summum
697 2109 893 2195 angularem,
909 2132 926 2173 e
940 2119 1055 2192 ectum,
1074 2112 1261 2195 pretiosum,

143 2191 203 2256 hoc
231 2205 280 2268 est
303 2193 479 2276 Christum,
509 2205 544 2259 ut
570 2206 598 2259 ct
624 2197 693 2278 ipsi
720 2205 878 2280 tanquam
907 2193 1038 2277 lapides
1059 2197 1127 2260 oioi
1149 2217 1422 2281 snper-neonae

143 2279 363 2361 aedificemini
384 2280 497 2343 donans
519 2279 687 2364 spiritales
708 2281 745 2343 in
761 2279 978 2343 sacerdotium
1001 2288 1158 2362 sonctnrn,
1181 2281 1264 2345 sicut

142 2360 261 2424 dicitur
288 2383 346 2447 per
373 2363 503 2427 beatum
533 2365 673 2444 Petrum,
707 2363 875 2450 quoniam:
921 2363 988 2443 Vos,
1017 2363 1131 2448 inquit,
1159 2387 1334 2450 penurias.

142 2445 284 2527 electcrrn,
317 2470 357 2530 rc,
376 2447 425 2511 abc
459 2449 686 2512 sacerdotium.
732 2445 761 2510 O
796 2456 914 2532 quanta
944 2445 1127 2510 Conditoris
1162 2448 1263 2512 nostri

141 2530 257 2615 gratia,
278 2538 314 2594 ut
335 2470 373 2594 id
390 2532 496 2616 ipsum
525 2532 612 2616 quod
638 2532 709 2617 ipse
734 2534 836 2594 estin
859 2531 930 2614 ipsa
953 2551 1081 2616 quoque
1103 2532 1144 2595 sit
1165 2529 1262 2596 eccle·

142 2616 200 2696 sia,
224 2614 289 2699 qui,
313 2635 385 2678 cum
402 2615 443 2678 sit
460 2637 519 2679 rex
541 2624 572 2679 et
586 2616 746 2695 sacerdos,
768 2615 867 2676 immo
889 2636 950 2676 rex
971 2635 1085 2698 regum
1106 2624 1138 2679 et
1159 2637 1262 2680 sacer-

142 2699 201 2763 dos
228 2698 440 2779 sacerdotum,
472 2701 582 2762 statuit
610 2697 763 2763 ecclesiae
792 2698 975 2761 domesticis
1003 2697 1096 2761 huius
1119 2698 1263 2764 donativi

141 2782 358 2869 privilegium,
376 2793 411 2847 ut
426 2783 490 2848 sint
504 2782 610 2868 regale
626 2782 850 2848 sacerdotium.
879 2781 951 2844 Hoc
964 2789 1087 2844 tanturn
1101 2791 1263 2846 merentur

140 2868 281 2952 pacifici,
310 2867 366 2953 qui
393 2875 466 2930 sunt
493 2869 661 2932 unanimes
690 2867 724 2930 in
751 2863 888 2929 ecclesia
914 2864 1042 2947 Christi,
1071 2867 1103 2928 in
1133 2867 1262 2932 civitate

141 2953 215 3034 Dei,
245 2973 319 3015 cum
345 2949 468 3036 absque
491 2951 577 3014 omni
599 2950 872 3016 contradictioneb
899 2951 1079 3036 pertineant
1100 2949 1262 3015 discordes

141 3035 183 3099 ad
206 3037 370 3100 civitatem
390 3033 519 3113 diaboli,
540 3057 599 3099 nec
620 3036 812 3120 resipiscant
832 3057 852 3098 a
869 3032 992 3120 laqueis
1006 3033 1135 3116 diaboli,
1156 3057 1176 3097 a
1198 3055 1262 3120 quo

141 3129 292 3184 tenentur
314 3121 442 3204 captivi.
484 3119 535 3184 De
558 3119 668 3184 ordine
690 3128 797 3184 autem
820 3121 920 3204 paciS,
944 3139 1025 3205 quae
1048 3129 1096 3184 est
1118 3117 1263 3182 ordinata

142 3203 318 3269 concordia
345 3203 522 3282 hominum,
552 3201 690 3289 plurima
716 3203 828 3267 scribit
849 3212 979 3266 sanctus
1003 3203 1203 3286 Augustinus
1229 3204 1261 3266 in

143 3287 193 3352 19.
211 3288 295 3353 libro
317 3288 357 3352 de
380 3287 508 3352 civitate
532 3287 605 3370 Dei,
627 3286 712 3351 unde
734 3287 813 3351 haec
835 3308 948 3371 pauca,
972 3309 1054 3372 quae
1076 3297 1262 3372 sequuntur,

142 3373 364 3457 excerpsimus
386 3394 445 3456 pro
467 3370 602 3436 utilitate
623 3371 801 3456 praesentis
824 3370 979 3455 opusculi.

230 3462 338 3512 Omnis²
357 3461 440 3530 ipitnr
458 3479 522 3512 nanc
541 3479 631 3514 reram
655 3461 839 3527 temporalium
857 3461 974 3526 refertar
998 3460 1034 3509 cd
1045 3459 1169 3525 fractum
1183 3460 1262 3524 pacis

141 3541 264 3586 terrenae
282 3536 311 3585 in
327 3543 432 3586 terrena
451 3535 564 3599 civitate,
582 3535 730 3586 incoelesti
745 3540 832 3584 autern
846 3532 1078 3598 civitatorefcrtccr
1097 3533 1133 3582 ad
1140 3535 1262 3600 fractam

136 3609 218 3672 pacis
238 3617 367 3659 acterrrae.
399 3608 553 3670 Quamdia³
573 3607 641 3660 enirn
656 3607 806 3673 permixtae
825 3613 887 3657 snnt
906 3606 997 3657 ambae
1017 3606 1143 3669 civitates,
1163 3605 1262 3656 utimar

142 3690 166 3731 et
185 3699 234 3731 nos
248 3699 318 3746 poce
338 3682 494 3746 Babylonis,
515 3699 546 3732 cn
564 3699 618 3748 qao
637 3683 676 3732 ita
690 3698 743 3747 per
754 3681 838 3748 ficiem
852 3681 971 3746 populns
990 3677 1044 3729 Dei
1069 3679 1205 3742 liberatur,
1233 3687 1262 3730 nt

142 3755 218 3819 apud
247 3755 315 3804 banc
340 3755 445 3806 interim
465 3757 665 3822 pereffluerem
685 3763 796 3820 propter
821 3755 892 3820 quod
917 3763 940 3804 ct
966 3753 1099 3819 apostolus
1124 3752 1423 3808 camonotrraimaua

142 3826 287 3890 ecclesium,
307 3836 337 3877 nt
356 3834 443 3878 oraret
457 3845 510 3892 pro
529 3829 634 3896 repibns
655 3829 710 3878 eins
730 3837 808 3894 atque
825 3825 987 3889 sublimibus,
1008 3827 1109 3878 addens
1126 3833 1149 3877 ct
1162 3824 1261 3886 dicens,

141 3908 171 3948 nt
190 3901 306 3966 quietam
331 3909 356 3952 ct
380 3900 553 3966 tranquillum
579 3918 689 3968 aqarnns
714 3899 794 3951 vitam
819 3918 878 3952 canc
897 3898 968 3950 ornni
980 3899 1082 3964 pietate
1101 3905 1125 3949 et
1144 3899 1261 3949 caritate.

142 4089 165 4142 s)
183 4101 265 4131 omnes
281 4102 301 4132 a.
316 4104 338 4141 q.
352 4105 374 4132 n.
389 4094 533 4134 contendunt
547 4105 571 4142 p.
587 4093 692 4132 amicitia
707 4091 785 4133 Arest.
832 4090 856 4142 b)
874 4092 1067 4140 confractione13
1083 4089 1261 4132 emarcuerant.

141 4249 168 4315 1)
188 4251 269 4374 {idel
288 4253 305 4304 l.
327 4269 350 4303 c.
369 4271 396 4320 p.
418 4252 479 4304 618.
554 4252 583 4317 2)
603 4253 746 4318 Augustini
766 4267 848 4316 opera
866 4251 930 4311 VII,
950 4267 975 4316 p.
992 4247 1054 4299 558.
1142 4246 1261 4314 3)1bid.

139 4342 165 4391 p.
244 4363 251 4378 .
