3098 4818
290 301 326 350 94
575 299 697 350 BRUNO
716 299 767 350 DE
787 298 907 350 BELLO
928 297 1120 350 saxomco.

214 467 388 532 meamichi
410 468 500 532 scire.
543 465 609 530 Alii
630 487 770 552 namque
792 465 951 548 dicebant,
975 464 1051 551 quia
1071 463 1123 530 bis
1140 487 1161 530 a
1198 462 1297 530 roelio
1313 463 1435 529 disce-

237 542 389 616 ⁰⁶¹·debat
409 553 522 634 victus,
550 548 688 636 amplius
716 571 787 614 eum
810 550 969 616 fortunam
992 547 1106 636 proelii
1131 487 1216 614 nolle
1244 558 1431 634 temptare,

290 636 347 702 sed
368 635 486 700 nostris
515 644 583 700 arte
605 656 663 698 sua
685 633 829 720 deceptis
850 655 1000 720 magnam
1022 642 1146 718 partem
1167 633 1308 719 regionis
1332 631 1429 698 velle

291 719 487 801 comburere,
516 719 562 782 sic
587 740 627 783 ue
656 719 723 783 sine
752 717 874 803 proelio
904 718 996 818 quasi
1026 740 1100 782 cum
1128 719 1283 782 victoriae
1310 715 1432 802 gloria

291 825 366 869 suas
388 805 422 866 in
443 813 549 889 partes
564 740 741 884 (declinare,
768 803 824 868 sed
846 805 981 868 inscium
1003 800 1145 866 fluminis
1168 803 1261 866 buius
1282 801 1430 887 profun-

291 888 432 953 didatem
453 888 635 968 incurrisse,
657 888 767 972 sicque
790 899 947 965 coactum,
975 887 1051 972 quia
1076 908 1141 951 non
1162 885 1255 952 facile
1276 886 1429 950 transire

290 980 425 1071 poterat,
446 971 567 1057 proelio
590 993 624 1034 se
646 971 852 1036 commisisse.
896 970 962 1034 Alii
976 991 1053 1034 vero
1068 969 1235 1057 putabant,
1255 969 1344 1056 quod
1358 979 1426 1033 εκ*
1520 1013 1522 1052 ,

290 1055 448 1120 industria
468 1053 704 1120 malivolentiae
727 1055 811 1118 bunc
832 1077 876 1141 pu
923 1078 960 1120 ae
975 1054 1122 1140 elegisset
1135 1053 1252 1136 locum,
1274 1054 1332 1119 ubi
1348 1055 1427 1118 suis
1514 1053 1522 1104 l

292 1139 409 1226 quibus
431 1161 495 1203 non
516 1139 598 1204 bene
620 1137 772 1203 credebat
793 1151 849 1204 aut
883 1141 992 1204 ortiter
1017 1149 1102 1204 esset
1139 1139 1335 1224 ugnandum,
1359 1147 1427 1202 aut

290 1225 393 1309 turpis
422 1224 455 1287 fu
479 1246 518 1289 ae
546 1225 726 1310 praemium
755 1222 935 1310 periculum
968 1222 1058 1288 fluvii
1085 1162 1296 1289 subeundum.
1347 1221 1424 1286 Alii

290 1329 367 1374 vero
391 1330 443 1371 cre
468 1308 578 1388 ebant,
606 1307 693 1394 quod
720 1307 792 1372 ideo
815 1309 962 1393 regiones
983 1306 1054 1372 illas
1075 1317 1212 1393 peteret,
1239 1308 1314 1394 quia
1337 1306 1424 1370 Mis-

290 1393 438 1456 nansium
452 1391 504 1456 vel
518 1392 734 1473 Boemiorum,
756 1413 814 1477 pro
831 1391 948 1479 quibus
962 1390 1083 1477 legatos
1098 1393 1237 1473 miserat,
1256 1389 1423 1456 auxilium

293 1486 451 1561 speraret,
496 1477 530 1540 ui
551 1477 578 1538 si
601 1474 673 1555 sibi,
696 1477 779 1540 sicut
798 1475 998 1562 expectabat,
1018 1476 1153 1542 fuissent
1174 1476 1314 1558 adunati,
1337 1474 1423 1540 inde

291 1581 350 1644 per
378 1497 569 1644 Mersdburg
597 1567 629 1623 et
653 1559 877 1646 Magedaburg
912 1571 943 1626 et
971 1583 1029 1646 per
1055 1561 1238 1625 universam
1266 1569 1423 1646 potenter

292 1644 449 1710 transiens
465 1642 651 1726 Saxoniam,
673 1653 787 1709 cuncta
808 1655 918 1744 posset
938 1643 1136 1731 depopulari,
1159 1666 1277 1731 eaeque
1296 1646 1421 1728 imper-

291 1738 424 1814 petuum
446 1729 591 1794 subicere
612 1727 831 1794 dominatiom.
1116 1767 1119 1774 ·

240 1813 284 1860 θα·
380 1813 449 1878 122.
492 1812 597 1898 Igitur
622 1812 795 1877 Heinricua
824 1813 936 1878 castris
969 1813 1002 1877 in
1031 1812 1157 1878 Elatiae
1190 1813 1217 1876 ri
1243 1833 1263 1874 a
1290 1810 1421 1892 locatis,

248 1874 432 1962 ¹³’erastino
453 1919 547 1961 mane
567 1897 673 1982 primo
695 1919 769 1960 suas
783 1899 870 1962 acies
885 1895 1053 1982 disposuit,
1076 1899 1152 1982 quia
1166 1835 1283 1961 nullam
1298 1894 1421 1981 proelii

292 2003 414 2045 moram
435 2003 494 2067 per
517 2003 550 2046 se
572 1981 643 2046 fieri
664 1980 779 2046 voluit:
803 2003 877 2045 cum
892 2002 966 2046 ecce
981 1982 1081 2045 nostri
1098 1981 1198 2046 multa
1212 1982 1421 2046 festinatione

292 2064 388 2130 simul
410 2075 443 2130 et
463 2065 585 2130 itineris
600 2087 635 2128 as
660 2067 771 2130 eritate
786 2065 921 2150 fatigati,
943 2063 1051 2129 multis
1071 2065 1106 2128 in
1127 2066 1180 2128 via
1201 2066 1302 2151 praeb
1324 2064 1420 2129 lassi-

292 2149 402 2214 tudine
425 2147 585 2214 derelictis
606 2088 791 2232 adveniunt,
819 2163 851 2214 et
872 2149 1038 2214 audientes
1061 2149 1148 2236 quod
1169 2149 1276 2214 hostes
1298 2157 1419 2230 essent,

292 2242 422 2298 econtra
451 2235 518 2297 sine
545 2255 635 2296 mora
661 2233 760 2298 seed
789 2233 1008 2298 defensionem
1038 2235 1159 2318 patriae
1189 2246 1283 2298 suaec
1305 2234 1418 2318 dispo-

291 2329 382 2382 nunt.
426 2315 509 2381 Cum
525 2339 601 2380 vero
615 2318 739 2403 pedites
754 2318 926 2382 admodum
949 2321 1045 2403 pauci
1060 2319 1161 2399 essel,
1183 2317 1330 2404 plurimis
1348 2340 1418 2382 non

291 2398 472 2466 valentibus
494 2403 595 2487 sequi,
624 2402 893 2486 conspicerentur,
925 2423 1034 2488 omnes
1057 2403 1197 2488 quinon
1219 2403 1295 2466 satis
1316 2401 1418 2466 fortes

293 2506 393 2570 equos
415 2484 585 2568 habebant,
608 2508 649 2550 ex
672 2486 833 2572 equitibus
854 2487 978 2572 pedites
1001 2487 1070 2550 lieri
1090 2486 1256 2569 iubentur,
1282 2495 1314 2550 et
1335 2495 1416 2550 tunc

294 2569 432 2634 ordinati
452 2569 596 2634 hostibus
618 2570 747 2634 obviam
776 2570 930 2656 paulatim
957 2570 1213 2655 progrediuntur.
1257 2570 1416 2656 Episcopi

293 2675 372 2718 vero
401 2652 533 2718 clericos
561 2675 670 2718 omnes
700 2655 756 2740 qui
783 2653 925 2737 aderant,
954 2664 991 2718 ut
1017 2653 1177 2740 psalmum
1206 2655 1285 2720 82¹¹¹¹¹
1312 2653 1415 2720 multa

293 2737 464 2802 devotione
486 2747 650 2804 cantarent
677 2737 911 2804 ammonebant.
955 2739 1128 2803 Exercitus
1150 2747 1258 2802 autem
1286 2740 1414 2838 utrique

293 2822 336 2886 ad
357 2822 508 2909 paludem
530 2845 612 2909 quae
634 2832 767 2887 vocatur
789 2822 916 2888 Grona⁸
939 2833 1164 2905 convenerunt,
1193 2832 1225 2888 et
1247 2823 1323 2909 quia
1344 2845 1413 2888 sme

292 2905 377 2970 vado
398 2906 490 2993 palus
513 2916 589 2988 erat,
617 2907 777 2971 exercitus
804 2908 900 2972 ambo
922 2907 1105 2973 dubitantes
1125 2907 1172 2972 ibi
1193 2906 1412 2984 substiterunt,

293 3001 325 3055 et
346 2989 461 3054 alteros
482 2989 583 3074 alteri,
605 3001 641 3056 ut
662 2991 783 3076 priores
805 2991 846 3056 ad
868 3015 902 3056 se
923 3000 1095 3072 transeant,
1117 2990 1297 3077 opprobriis
1312 2997 1412 3056 incre-

293 3083 416 3160 pantes,
439 3075 566 3158 utrique
581 3096 672 3138 suam
686 3075 789 3159 ripam
804 3077 916 3140 inmoti
930 3085 1109 3142 tenuerunt.
1151 3075 1297 3140 Tandem
1311 3077 1411 3140 nostri

294 3169 392 3243 caput
411 3158 512 3244 ipsius
538 3157 664 3242 paludis
695 3181 761 3222 non
789 3157 884 3244 longe
912 3181 982 3224 esse
1004 3169 1242 3245 cognoscentes,
1270 3159 1313 3222 ad
1333 3158 1411 3224 illud

294 3242 482 3323 tendebant3
534 3263 576 3305 uo
597 3243 667 3307 viso
690 3245 839 3307 contrarii
866 3265 969 3332 aequo
990 3243 1104 3310 itinere
1131 3244 1172 3308 ad
1194 3243 1332 3308 eundem
1352 3252 1411 3308 ter-

294 3327 416 3390 minum
445 3264 571 3412 palddis
597 3325 784 3412 pergebant.
833 3327 885 3394 Ibi
915 3351 989 3392 cum
1020 3329 1055 3392 in
1082 3337 1151 3394 tuto
1179 3329 1414 3411 convenissent,

295 3433 482 3476 conseruere
511 3433 635 3494 manus,
664 3421 697 3476 et
722 3411 882 3498 utrimque
904 3412 1049 3478 fecerunt
1075 3412 1256 3477 miserabile
1277 3411 1410 3477 facinus.

293 3495 466 3560 Heinricus
487 3506 605 3578 autem,
633 3517 711 3560 mox
732 3505 769 3560 ut
790 3517 844 3560 eos
865 3497 1008 3560 vicissim
1030 3497 1157 3561 misceri
1179 3498 1357 3596 conspexit,
1379 3519 1412 3562 se

294 3579 376 3643 sicut
397 3579 508 3644 solitus
530 3588 598 3644 erat
618 3581 652 3644 in
673 3581 781 3665 fugam
803 3580 901 3646 dedit.
944 3581 1116 3645 Exercitus
1137 3603 1213 3646 vero
1236 3603 1304 3646 e1us
1326 3589 1412 3647 tanta

293 3663 410 3727 virtute
436 3665 552 3728 nostris
581 3665 733 3743 instabat,
762 3673 798 3728 ut
824 3663 1037 3752 quibusdamf
1064 3673 1154 3750 terga
1182 3663 1343 3746 dantibus,
1371 3665 1409 3730 ad

293 3745 421 3811 illorum
443 3756 545 3812 castra
566 3747 664 3812 fallax
685 3749 771 3812 fama
792 3750 925 3832 veniret,
947 3771 1030 3835 quae
1053 3748 1197 3814 Saxones
1219 3771 1290 3814 esse
1310 3750 1411 3814 victos
1521 3805 1522 3808 ,

295 3853 349 3896 ore
369 3829 529 3896 mendacii
549 3834 739 3897 nuntiaret&
782 3832 935 3918 Dumque
956 3832 1119 3918 praesules
1145 3834 1200 3919 qui
1222 3833 1410 3898 Heinricum

294 3915 499 3997 adiuvabant,
523 3937 596 3980 cum
619 3918 684 3982 suis
699 3915 823 3981 clericis
845 3918 902 3982 ‘Te
916 3917 1025 3982 Deum
1038 3915 1213 3981 laudamus'
1235 3917 1410 4002 gaudentes

294 4009 453 4082 canerent,
482 4001 580 4065 ecceh
602 3999 786 4088 Rappodoi,
814 4023 897 4066 unus
924 4001 964 4066 de
992 4002 1126 4066 summis
1155 4001 1411 4090 principibus-1,

294 4123 318 4177 a)
334 4127 390 4166 decr
407 4129 427 4168 1.
473 4123 497 4178 b)
513 4127 568 4168 deest
585 4130 606 4170 1.
651 4127 672 4180 c)
689 4129 844 4180 decs813sue
858 4141 882 4180 p.
898 4131 919 4171 a.
964 4127 987 4181 d)
1004 4133 1082 4171 essent
1097 4131 1119 4170 1.
1165 4127 1188 4181 e)
1203 4129 1236 4168 ita
1251 4129 1276 4179 23
1294 4129 1372 4170 Grono
1389 4133 1412 4173 1.

293 4182 312 4234 t)
329 4185 413 4234 qulbus
429 4186 450 4227 t.
502 4188 526 4238 ς)
543 4190 652 4233 cantaret
667 4187 780 4236 Rappodo
797 4191 817 4230 1.
836 4183 872 4239 1¹³;
888 4189 1006 4229 nuntiaret
1021 4208 1048 4220 -
1064 4189 1191 4238 gaudentes
1206 4193 1290 4238 recepto
1305 4199 1316 4228 e
1332 4189 1352 4240 2,
1375 4188 1412 4229 ati

294 4246 406 4283 canerent
420 4243 504 4292 betur.
571 4243 596 4296 h)
612 4248 645 4286 tta
660 4247 686 4295 2,·
701 4245 757 4286 dem
773 4249 793 4287 1.
860 4245 878 4298 1)
894 4247 1020 4289 Rabodot
1095 4245 1120 4298 k)
1137 4258 1160 4298 p.
1181 4248 1285 4299 parcium
1306 4248 1410 4290 Heinrict
1491 4253 1495 4259 “

294 4301 461 4351 apponebatur
475 4302 496 4342 s.

297 4393 326 4461 1)
347 4391 435 4446 Oetaea
449 4394 590 4460 palatinas
609 4397 762 4450 Bacurius.
805 4400 841 4450 W.
