3114 4814
284 356 337 407 130
472 356 524 406 DE
546 353 705 406 uulnsrn
724 351 931 405 nccnnsmn
950 350 1227 405 CONSERVANDA.

283 523 492 589 constitutum
522 543 592 586 csse
617 521 745 586 videtur
772 521 808 584 in
829 518 967 585 decretis
990 518 1103 606 Syritii
1130 529 1266 606 papac1.
1309 534 1409 586 Mona·

284 623 353 686 clos,
379 607 494 694 inquit,
518 637 583 686 quos
609 626 696 673 tomen
721 636 823 672 morum
847 619 969 688 prasius
994 627 1019 671 et
1042 615 1114 669 uice
1140 633 1172 668 as
1184 616 1254 684 fidei
1275 615 1408 668 institutio

283 703 377 748 sacua
396 695 569 758 commundat,
593 694 748 745 clericorum
767 691 861 760 officiis
886 691 1030 762 apprepuri
1048 698 1072 743 et
1091 697 1213 756 optumus
1232 697 1257 743 et
1274 691 1408 755 colamus,

282 768 323 820 ita
350 776 388 833 ut,
417 767 465 836 qui
487 769 562 819 iutra
586 765 747 834 tripesimum
774 766 869 818 aetatis
895 783 996 818 annum
1018 768 1109 827 ranst,
1133 763 1164 814 in
1186 762 1408 828 minoribuspm¹

281 843 385 910 pedus
416 841 535 912 sinpulm
567 848 695 891 crescente
725 848 840 906 tempore
867 840 1052 906 provehuntur
1083 837 1222 888 ordinibus
1251 845 1276 890 et
1304 836 1342 889 sic
1370 837 1409 888 ud

284 916 444 968 dimetiatur
467 916 511 966 cel
524 913 685 980 presbyterii
706 913 827 982 insipuic
853 922 976 965 maturae
1001 909 1096 963 uelutis
1124 909 1319 964 consecratione
1342 927 1409 976 per-

284 989 402 1053 ueniunt,
426 1005 474 1040 nec
499 987 588 1040 statim
617 987 689 1038 saltu
712 985 866 1050 ascendant,
890 985 944 1037 nisi
968 985 998 1036 in
1021 985 1062 1037 isis
1086 1000 1156 1050 quoe
1182 983 1294 1052 sinyulis
1319 979 1408 1064 dipni-

284 1071 383 1125 tutibus
405 1071 533 1138 praefica
560 1073 623 1120 sunt
651 1075 769 1134 temporo
791 1069 901 1135 suerint
928 1067 1068 1120 custodito.
1111 1050 1156 1114 Al
1183 1073 1270 1115 nunc
1298 1072 1408 1115 omma

284 1149 371 1205 recta
406 1147 634 1223 pervertuntur
674 1146 707 1201 et
742 1136 892 1199 monachi
927 1155 1056 1226 quoque
1091 1135 1244 1200 terminos
1279 1145 1408 1221 patrum

285 1221 564 1306 transgrediuntur
595 1231 627 1285 et
658 1218 782 1306 absque
814 1218 945 1285 licentia
1000 1220 1100 1318 roprii
1127 1219 1273 1306 episcopi
1302 1220 1408 1304 ingre-

286 1307 426 1389 diuntur,
448 1307 548 1370 immo
570 1303 728 1368 invadunt
749 1303 936 1390 parrochias
962 1242 1092 1368 alterius
1114 1305 1268 1389 episcopi,
1296 1303 1408 1390 quales

286 1391 436 1455 dicuntur
462 1387 735 1452 circumcelliones
763 1389 855 1452 iuxta
883 1389 1073 1452 sententiam
1094 1386 1181 1452 beati
1202 1387 1408 1472 Augustiniv,

146 1475 344 1546 r·.rss‚1.ubi
373 1471 507 1557 exponit
534 1471 635 1536 verba
661 1471 824 1536 Psaltcrii:
857 1473 940 1536 Eece
976 1496 1074 1558 quum
1104 1472 1223 1537 bonum
1250 1483 1278 1535 et
1307 1496 1407 1558 quum

286 1558 470 1624 iucundum
491 1555 641 1620 habiture
652 1555 785 1640 fratres
813 1557 850 1621 in
873 1579 986 1637 unum,
1017 1578 1113 1642 quem
1135 1555 1259 1620 scilicet
1281 1555 1408 1620 dulcem

288 1663 402 1707 sonum
425 1649 456 1705 et
478 1637 604 1704 dulcem
627 1643 795 1705 caritatem
817 1649 849 1705 ct
862 1639 990 1705 dulcem
1005 1639 1177 1704 melodiam
1199 1640 1277 1704 dicit
1298 1661 1407 1704 mona-

287 1723 595 1824 steriapeperisse,
624 1734 656 1790 et
683 1723 759 1789 inde
785 1725 960 1788 monachos
994 1723 1172 1810 appellatos
1199 1723 1308 1790 fuisse.
1353 1739 1409 1802 Qui

289 1825 366 1887 eninr,
392 1809 528 1894 lnquit⁸,
556 1823 595 1876 sic
619 1823 712 1875 vicunt
739 1824 769 1874 in
797 1840 888 1887 unum,
914 1817 965 1873 ull
994 1841 1078 1874 unum
1101 1823 1231 1875 hominem
1246 1822 1358 1889 faciunt
1384 1829 1409 1873 et

145 1897 323 1962 sumentis
348 1897 397 1948 inc
423 1897 485 1962 iliis,
510 1896 639 1963 quomodo
665 1897 793 1964 scriptum
819 1904 864 1960 est,
891 1895 983 1950 animo
1007 1913 1065 1948 una
1090 1904 1114 1948 et
1139 1914 1184 1948 eor
1208 1912 1300 1960 unum,
1322 1895 1409 1946 muna

185 1970 253 2024 &⁸²-
288 1971 395 2039 quidem
423 1983 543 2037 corpora,
575 1970 622 2022 sed
649 1987 703 2022 non
731 1971 816 2022 multa
844 1970 934 2033 corda,
963 1978 1031 2022 reete
1059 1969 1157 2022 diuitem
1184 1985 1284 2034 monos,
1311 1966 1342 2020 id
1371 1974 1409 2020 est

288 2069 368 2117 unm,
394 2055 475 2118 sotus,
503 2036 591 2124 quod
619 2037 846 2124 interpretatur
873 2037 1061 2102 monachus.
1107 2037 1149 2102 Et
1176 2037 1264 2102 idem
1295 2035 1408 2121 Augu-

288 2121 411 2185 stinus⁴
442 2122 476 2184 in
506 2131 645 2186 tractatu
673 2121 834 2206 euangelii
865 2122 906 2186 de
933 2122 1005 2186 fure
1037 2132 1069 2188 ct
1099 2120 1232 2203 latrone,
1260 2118 1316 2208 qui
1342 2142 1409 2184 non

287 2205 384 2270 intrat
415 2226 475 2290 per
507 2206 624 2270 ostium
656 2206 691 2268 in
725 2205 808 2269 ovile
840 2206 964 2288 ovium,
998 2205 1056 2270 sed
1088 2205 1232 2270 ascendit
1264 2203 1409 2270 aliunde:

289 2300 370 2365 Sunt,
404 2289 520 2373 lnquit,
545 2303 654 2370 quidum
686 2305 816 2366 homines,
838 2301 892 2370 'qui
918 2304 948 2354 in
978 2306 1034 2356 suis
1064 2307 1216 2374 ptoriuntur
1242 2303 1359 2356 moribus
1385 2311 1409 2354 et

289 2375 357 2427 ulios
379 2384 442 2443 post
465 2377 625 2444 retrahere
648 2385 790 2443 quaerunt,
814 2394 869 2428 non
893 2377 926 2429 de
950 2376 1048 2430 Odristi
1071 2377 1223 2446 praeceptis
1249 2375 1409 2429 instruentes

289 2465 352 2500 suos
382 2458 530 2515 sectatores,
561 2450 608 2501 sed
641 2449 696 2502 suis
728 2450 853 2516 euemplis
881 2449 969 2502 uiuere
1000 2469 1043 2504 eos
1071 2453 1223 2516 suadentes,
1250 2451 1284 2503 de
1313 2449 1409 2517 quibus

128 2533 250 2585 ustula.
258 2532 279 2572 8.
289 2520 343 2573 olio
376 2524 432 2575 loeo
465 2524 527 2590 ipsc
558 2522 661 2576 Veritas
696 2523 749 2575 uit.-
786 2523 915 2576 Decentes
944 2525 1080 2576 doctrinas
1111 2526 1246 2577 hominum
1277 2532 1302 2576 et
1333 2541 1409 2574 man·

289 2595 356 2646 datu
384 2596 438 2648 Dei
469 2605 658 2649 contemnentes
665 2614 674 2659 ,·
704 2595 751 2663 qui
778 2614 830 2662 per
860 2597 942 2648 uliam
965 2606 1073 2664 partem
1102 2599 1243 2650 ascendere
1270 2602 1410 2664 quaereus,

290 2693 386 2744 rapere
406 2684 430 2730 et
448 2679 575 2742 occidere,
593 2696 648 2730 non
667 2687 697 2730 ut
710 2687 807 2745 pastor
825 2681 931 2732 sulcare
950 2688 975 2732 et
993 2697 1159 2734 conseruare.
1190 2665 1278 2729 Hine
1301 2675 1334 2729 et
1351 2685 1411 2752 per

127 2765 174 2808 rer.
183 2765 249 2817 suc
259 2765 280 2805 a
290 2743 490 2810 Hieremiam
520 2745 711 2833 prophetam
738 2747 898 2812 Dominus
925 2749 983 2812 ait:
1024 2747 1123 2830 Grec,
1151 2749 1310 2835 inquiens,
1362 2770 1410 2812 er-

291 2828 381 2894 ditus
393 2831 511 2914 fuctus
526 2841 570 2894 est
587 2830 735 2916 populus
749 2854 849 2916 meus,
866 2841 1020 2916 pastores
1041 2855 1093 2898 eos
1111 2771 1408 2918 sedunoruusjice-

290 2923 432 2997 suntque
454 2915 577 2999 vapori
597 2917 634 2978 in
656 2915 827 2979 montibus.
877 2915 993 2981 Omnes
1036 2920 1073 2982 ui
1093 2920 1289 2982 inuenerunt
1310 2938 1410 2982 eome-

291 2997 411 3061 derunt
425 3020 488 3078 eos,
511 3008 540 3060 et
555 2999 659 3092 hostes
673 3021 784 3063 eorum
799 3000 977 3064 dicerunt:
998 3007 1006 3040 ‘
1046 3023 1087 3066 ou
1099 3004 1308 3085 peccavimus
1314 3023 1327 3084 ,·
1345 3023 1411 3086 pro

292 3101 327 3143 eo
343 3082 431 3164 quod
445 3092 662 3161 peccaverunt
676 3083 819 3148 Domino
841 3083 943 3147 leaeod
959 3085 1061 3168 possi
1082 3094 1160 3148 sunt
1181 3095 1211 3148 et
1231 3087 1310 3150 haec
1323 3087 1411 3169 jeci-

290 3166 382 3230 mus'.
417 3163 491 3229 Hoc
511 3164 618 3250 ipsum
634 3174 719 3230 certe
735 3163 955 3252 opprobrium,
978 3166 1065 3254 quod
1086 3165 1193 3234 hostes
1209 3167 1413 3234 Hierusalem

292 3255 323 3312 et
349 3247 438 3312 cives
467 3247 666 3334 Babyloniae
697 3249 869 3336 aliquando
900 3250 1063 3332 dixerunt,
1093 3251 1154 3316 hoc
1189 3255 1286 3317 etiam
1316 3253 1350 3316 in
1377 3274 1412 3316 se

130 3354 280 3404 rursusne.
291 3331 529 3414 transtulerunt,
553 3333 609 3422 qui
630 3354 716 3398 nunc
741 3336 833 3399 iuxta
858 3334 1002 3400 eiusdem
1030 3334 1204 3422 prophetae
1225 3337 1414 3402 vaticinium

139 3416 143 3422 “
291 3418 528 3502 assumptiones
542 3417 639 3482 falsas
661 3429 693 3483 et
712 3418 884 3483 eiectiones
899 3418 1058 3484 viderunt.
1094 3420 1172 3485 Non
1190 3424 1414 3506 peccavimus,

291 3500 450 3584 inquiunt,
469 3523 534 3585 pro
549 3525 585 3567 eo
609 3503 698 3588 quod
712 3513 939 3603 peccauerunt
952 3505 1095 3570 Domino
1114 3506 1193 3570 haee
1207 3508 1308 3590 passi
1325 3513 1414 3570 sunt.

139 3605 160 3646 r.
170 3605 221 3646 Ich.
232 3606 252 3657 1,
261 3604 282 3645 s.
293 3581 375 3648 Sed:
405 3585 446 3648 st
467 3585 659 3668 disserimus,
689 3597 735 3651 art
757 3587 915 3652 lohannes
937 3586 1112 3674 apostolus,
1142 3591 1224 3675 quia
1240 3597 1414 3675 peccatum

292 3689 359 3731 non
381 3668 545 3749 iubemus,
575 3671 643 3754 ipsi
664 3693 724 3735 nos
746 3672 940 3753 seducimus,
969 3683 998 3738 et
1024 3669 1146 3738 veritus
1168 3676 1207 3737 in
1229 3673 1324 3739 nobis
1346 3697 1416 3738 non

293 3900 317 4002 Ξ)
333 3903 468 4002 santzdtgni
483 3904 570 3946 [semels.
630 3903 654 3958 b)
670 3906 702 3946 tta
718 3905 791 3956 Aaou
807 3909 831 3946 et
847 3907 867 3946 1.
929 3905 950 3960 c)
965 3907 1021 3947 deest
1036 3907 1094 3958 Aup.
1156 3905 1179 3958 d)
1196 3907 1255 3950 haec
1273 3931 1299 3940 -
1315 3908 1416 3949 fecimus

307 3973 336 4002 es.
374 3973 418 4012 uo.

294 4156 322 4226 1)
354 4160 473 4212 Decreta
498 4161 589 4213 siricii
612 4177 710 4230 papae,
735 4125 848 4214 Hinsch.
875 4162 894 4213 l.
909 4178 934 4214 c.
960 4180 987 4230 p.
1010 4163 1072 4226 522,
1099 4165 1175 4215 cuius
1199 4165 1284 4215 verbs
1308 4166 1416 4230 saepius

291 4235 405 4285 mutavit
418 4240 519 4286 auctor.
577 4235 606 4300 ἓ)
625 4236 770 4302 Augustini
783 4236 873 4303 Opera
886 4235 933 4300 1v,
948 4237 973 4300 2,
987 4254 1013 4303 p.
1025 4235 1105 4289 1484.
1162 4234 1191 4304 3)
1211 4238 1283 4290 Ibid.
1298 4235 1417 4306 pust.

292 4303 322 4370 4)
349 4306 390 4358 cf.
409 4308 475 4360 ibid.
496 4309 550 4372 ΙΙΙ,
571 4310 597 4370 2,
615 4326 643 4376 p.
664 4310 727 4361 595.
