3098 4818
455 375 576 425 BRUNO
594 375 643 425 DE
662 375 781 426 BELLO
802 374 990 426 SAXONIGO.
1250 378 1284 425 13

166 542 243 640 quio
265 551 392 626 praeter
413 541 600 626 episcopum
615 540 843 606 Adalbertum¹
869 553 900 607 et
922 565 1021 606 unum
1043 542 1083 606 de
1098 544 1195 628 regiis
1210 563 1284 606 con·
1296 559 1360 602 ron.

165 622 360 688 srliatoribus
387 623 492 688 nullus
521 625 673 690 interfuit.
722 627 835 710 Ipsum
861 637 966 690 tamen
995 625 1188 713 colloquium
1219 649 1285 690 non

164 709 223 772 diu
242 707 343 790 latuit,
388 711 441 773 uia
461 707 513 772 ille
536 711 591 795 qui
613 730 686 772 cum
708 711 860 795 episcopo
882 709 969 774 solus
983 709 1103 792 aderat,
1123 732 1195 773 cum
1211 731 1285 774 con·

164 790 271 856 silium
303 730 391 878 quod
416 793 462 858 ibi
490 791 634 858 fecerunt
658 793 828 878 prohibere
857 816 921 857 non
951 804 1067 880 posset,
1094 793 1174 857 illud
1197 794 1285 880 quod

165 886 291 960 poterat
319 875 434 955 effecit,
464 876 550 962 quod
579 877 742 962 principes
765 879 935 956 Saxoniae,
964 900 1102 963 quorum
1123 879 1284 959 intererat,

163 961 271 1056 ipsum
293 959 463 1024 consilium
484 981 549 1024 non
570 960 692 1025 lateret.
727 961 799 1024 Rex
820 963 905 1025 enim
921 961 1088 1025 Danorum
1102 962 1171 1044 regi
1187 962 1284 1026 Hein-

165 1064 233 1106 nco
262 1045 388 1125 iuravit,
413 1054 449 1108 ut
475 1045 506 1107 ei
535 1054 646 1108 contra
675 1066 784 1108 omnes
806 1045 913 1110 hostes
936 1067 1021 1126 suos,
1043 1055 1076 1110 et
1096 1046 1285 1110 nominatim

164 1139 279 1191 contra
312 1126 473 1209 Saxones,
507 1139 662 1214 quantum
694 1139 803 1214 posset
835 1140 920 1194 terra
951 1129 1095 1214 marique
1127 1129 1285 1194 auxilium

163 1209 276 1292 ferret3
304 1219 336 1275 et
356 1233 414 1275 rex
436 1212 608 1277 Heinricus
629 1211 676 1275 illi
697 1213 853 1296 promisit,
875 1224 911 1276 ut
932 1213 962 1276 ei
984 1224 1116 1278 cunctas
1138 1215 1284 1298 regiones

165 1315 225 1358 suo
247 1316 346 1378 regno
369 1296 535 1380 contiguas
557 1298 591 1360 in
613 1297 777 1394 proprium
799 1297 899 1360 daret.

250 1379 301 1442 21.
344 1378 447 1463 Igitur
467 1379 521 1444 illo
544 1379 702 1466 colloquio
724 1381 814 1443 finito
830 1389 861 1443 et
875 1381 1043 1444 Danorum
1056 1403 1133 1462 rege
1147 1401 1284 1462 reverso,

165 1483 224 1525 rex
257 1461 430 1526 Heinricus
459 1463 624 1528 castellum
655 1463 861 1549 *Liuniburg
889 1463 976 1550 quod
1002 1463 1049 1527 ibi
1077 1486 1177 1549 prope
1208 1474 1395 1546 cranmere,
1429 1473 1474 1486 ’-

165 1546 391 1627 consideravit;
420 1549 511 1611 cuius
533 1549 709 1612 munitione
730 1559 908 1632 perspecta,
930 1549 963 1610 in
986 1549 1054 1611 eius
1077 1547 1286 1633 cupiditatem

165 1650 224 1693 suo
246 1651 335 1693 more
357 1629 561 1696 vehementer
583 1633 711 1713 exarsit,
734 1633 826 1716 quasi
848 1633 876 1695 si
897 1630 977 1694 illud
998 1634 1033 1694 in
1055 1653 1115 1696 sua
1129 1642 1286 1718 potestate

165 1721 297 1794 teneret,
319 1713 425 1778 nullus
446 1717 481 1778 in
501 1714 563 1778 illis
585 1714 730 1800 partibus
753 1715 815 1778 sibi
836 1717 982 1778 resistere
1004 1717 1169 1800 potuisset.
1202 1714 1287 1778 Illud

165 1806 273 1859 autem
295 1797 459 1862 castellum
473 1800 583 1883 Magni
605 1799 696 1862 ducis
718 1806 888 1883 parentum
911 1821 1038 1883 semper
1057 1799 1169 1880 fuerat,
1191 1797 1286 1862 etad

164 1879 272 1964 ipsum
298 1903 391 1945 suum
414 1905 454 1946 ue
476 1894 626 1968 patruum
648 1881 882 1946 Herimannum
904 1892 981 1946 tunc
1003 1881 1194 1946 hereditario
1216 1884 1286 1946 iure

165 1975 366 2048 pervenerat.
439 1990 463 2029 x
492 1967 603 2050 paucis
630 1987 706 2050 ergo
729 1988 810 2051 quos
838 1964 978 2030 habebat
1005 1987 1114 2028 secum
1142 1963 1286 2029 fidelissi·
1313 1973 1319 1986 ”

166 2069 247 2128 mos,
271 2051 476 2136 septuaginta
497 2051 562 2114 fere
585 2049 706 2113 dimisit
727 2051 761 2113 in
782 2048 837 2112 illo
860 2048 999 2130 castello,
1027 2051 1083 2134 qui
1106 2060 1155 2114 ett
1177 2049 1285 2134 ipsum

165 2139 330 2217 totamque
352 2135 516 2218 regionem
539 2135 623 2198 circa
645 2132 871 2219 compellerent
891 2134 981 2217 regio
1002 2155 1113 2217 parere
1129 2131 1287 2196 serviliter

166 2219 212 2278 im
236 2217 311 2279 erio.
356 2217 421 2282 Sed
443 2218 492 2282 his
514 2229 632 2283 temere
655 2219 816 2303 ingressis,
839 2217 1055 2281 Herimannus
1083 2216 1160 2280 dum
1187 2239 1286 2282 rexe

165 2297 221 2362 finr
245 2322 283 2362 us
306 2302 371 2366 suis
392 2302 505 2366 fuisset
519 2325 666 2388 egressus
682 2312 839 2387 expectat,
862 2311 894 2366 et
907 2325 985 2365 mox
999 2303 1106 2386 ipsum
1122 2299 1287 2364 castellum

167 2403 240 2445 cum
262 2382 364 2447 multa
384 2387 501 2450 virtute
524 2387 710 2450 circumdat.
746 2384 797 2449 Illi
819 2385 897 2471 quid
912 2384 1076 2450 facerent?
1113 2383 1287 2450 Castellum

167 2465 298 2550 quidem
320 2467 400 2532 forte
422 2479 454 2532 et
474 2471 596 2533 cunctis
617 2471 679 2532 nisi
701 2468 759 2532 soli
781 2469 858 2532 fami
880 2467 1104 2554 insuperabile,
1127 2469 1184 2533 sed
1198 2490 1287 2554 prae-

167 2557 218 2612 ter
248 2571 368 2634 paucos
400 2574 517 2636 panes,
552 2575 632 2638 quos
665 2552 865 2616 discedentes
898 2551 1048 2616 monachi
1083 2551 1286 2638 reliquerant,

166 2631 267 2697 nichil
288 2634 374 2718 quod
395 2635 583 2700 manducari
600 2646 708 2721 posset
721 2635 869 2717 habebat,
891 2648 924 2700 et
937 2637 1037 2700 fames
1052 2657 1106 2698 eos
1121 2635 1288 2699 castellum

167 2715 347 2805 relinquere
368 2717 510 2801 iubebat,
532 2720 589 2784 sed
611 2719 707 2784 obvia
726 2719 802 2782 ferri
824 2721 926 2782 virtus
948 2741 1002 2784 eos
1025 2719 1113 2782 exire
1128 2741 1192 2781 non
1207 2719 1287 2782 sine-

167 2799 232 2864 bat
276 2803 394 2866 Paucis
421 2812 528 2867 autem
556 2825 622 2867 non
649 2813 717 2866 erat
738 2812 841 2866 tutum
864 2824 938 2866 cum
960 2803 1105 2866 exercitu
1125 2803 1233 2866 venire
1254 2802 1288 2864 in

166 2883 345 2970 proelium·
385 2887 592 2952 Deditionem
622 2908 698 2970 ergo
729 2887 838 2950 comiti
867 2887 1065 2950 Herimanno
1098 2885 1311 2967 offerebant3·

168 2968 226 3032 sed
251 2968 314 3052 ille,
342 2971 405 3034 nisi
425 2971 564 3057 Magnus
587 2971 665 3053 dux,
694 2968 779 3033 filius
800 2969 905 3034 fratris
928 2971 987 3051 sui,
1016 2967 1143 3050 rediret,
1166 2967 1288 3032 nullum

166 3052 301 3116 istorum
324 3054 486 3119 abiturum
509 3055 645 3119 dicebat.
690 3056 763 3134 Quo
785 3064 950 3139 comperto
972 3076 1031 3117 rex
1052 3051 1167 3118 multas
1189 3075 1287 3137 angu-

168 3138 245 3199 stias
275 3137 400 3219 habuit,
432 3162 492 3203 nec
526 3139 604 3224 quid
633 3137 695 3202 sibi
721 3138 833 3202 fuisset
861 3137 947 3219 utile,
980 3135 1072 3201 facile
1105 3139 1287 3221 excogitare

192 3221 281 3284 otuit.
325 3220 401 3286 lllos
429 3221 576 3288 obsessos
598 3246 657 3308 per
677 3223 743 3285 vim
764 3221 901 3287 liberare
922 3243 986 3285 non
1007 3221 1121 3306 potuit,
1151 3219 1288 3306 quiade

168 3240 354 3368 §amnibus
387 3328 467 3391 quos
490 3307 628 3371 offensos
650 3305 797 3387 habebat,
821 3307 998 3370 exercitum
1013 3326 1209 3388 congregare
1223 3325 1289 3366 non

168 3386 320 3470 credidit3
349 3354 389 3452 de
419 3391 569 3473 gentibus
598 3412 676 3453 vero
705 3388 775 3452 aliis
806 3411 882 3452 suae
905 3389 1018 3453 ditioni
1040 3388 1192 3452 subiectis
1216 3408 1288 3450 eam

167 3469 412 3554 multitudinem,
436 3475 486 3536 cui
509 3473 585 3537 illuc
605 3475 652 3539 ire
673 3482 778 3536 tutum
802 3483 895 3554 esset,
917 3495 981 3536 non
1003 3471 1124 3535 habuit.
1161 3471 1288 3534 Ducem

168 3554 302 3619 reddere
325 3555 434 3636 noluit,
465 3559 541 3643 quia
562 3559 639 3622 dum
661 3557 750 3620 illum
772 3558 806 3620 in
828 3555 963 3620 vinculis
984 3556 1125 3636 tenebat,
1155 3577 1287 3619 securus

167 3661 189 3702 a
209 3637 293 3704 bello
310 3639 470 3704 Saxoniae
492 3641 561 3706 fuit.
599 3640 692 3706 Solus
715 3641 801 3704 enim
821 3641 917 3704 timor
938 3663 978 3704 ne
1005 3637 1058 3702 ille
1079 3639 1289 3723 occideretur,

167 3721 244 3786 fecit
273 3733 308 3787 ut
334 3733 382 3788 tot
408 3725 532 3789 iniuriis
558 3728 701 3810 acceptis
731 3722 850 3790 bellum
879 3746 942 3808 non
972 3725 1176 3808 inciperetur.
1226 3723 1289 3786 Tot

167 3816 277 3871 autem
305 3807 509 3873 fidelissimos
537 3831 622 3890 suos,
650 3811 733 3874 inter
755 3830 834 3894 quos
857 3809 954 3872 etiam
976 3817 1067 3872 erant
1087 3808 1143 3894 qui
1163 3806 1288 3871 nobiles

168 3901 322 3976 cognatos
344 3891 505 3957 habebant
527 3903 558 3958 et
572 3893 679 3975 fortes,
702 3893 729 3956 si
743 3892 849 3978 perire
864 3892 1048 3973 dimitteret,
1069 3889 1191 3954 nullum
1206 3889 1289 3954 ultra

166 3973 294 4038 fidelem
317 3975 379 4041 sibi
400 3977 565 4058 inveniret,
588 3989 620 4042 et
641 3988 746 4041 tutum
767 3987 894 4061 tempus
915 3977 956 4041 ab
972 3998 1082 4040 eorum
1097 3975 1288 4060 propinquis

167 4058 289 4122 nullum
315 4059 457 4126 haberet.
500 4059 654 4125 Reddidit
674 4081 751 4144 ergo
772 4061 927 4144 Magnum
949 4059 1074 4140 ducem,
1103 4069 1135 4122 et
1156 4077 1388 4184 ειιοιίιιῑιλιῌιῑθε.15

169 4218 192 4272 a)
209 4222 279 4262 ettam
297 4219 332 4264 ll’.

168 4335 199 4429 i)
222 4363 274 4424 out
291 4366 320 4416 a
335 4367 377 4418 rr.
392 4366 487 4418 natu
507 4383 531 4416 a.
555 4365 634 4416 1072.
655 4363 727 4415 ossa.
761 4363 796 4414 W.
