3098 4818
433 353 555 404 BRUNO
574 354 623 402 DE
642 355 761 404 BELLO
781 354 968 405 SAXONIOO.
1227 355 1262 404 45

228 524 279 588 69.
317 521 544 607 Grepomus³.¹
568 523 741 605 episcopus
760 543 871 585 seruus
886 543 1050 586 sucorum
1064 520 1139 602 Dei,
1162 524 1262 586 omni·
1274 546 1340 589 cois.

144 609 203 671 bus
232 609 291 693 qui
321 629 354 670 se
381 608 523 689 cupiunt
550 607 768 668 annumerari
795 607 882 668 inter
910 626 982 669 oues
1008 626 1091 688 quos
1116 605 1262 670 Cbristm

144 693 232 755 beato
254 691 348 755 Petro
371 691 538 770 commisit,
561 689 747 752 salutemet
769 687 981 773 apostolicam
1002 688 1262 756 benedictionem.

143 775 312 855 Audistis,
336 774 483 857 fratres,
520 795 638 836 nouam
671 781 699 835 et
730 773 922 836 inauditam
950 775 1262 858 praesumptionem,

145 859 287 922 audistis
310 859 563 922 scismaticorum
585 856 772 920 sceleratam
795 864 824 920 et
837 879 953 920 nomen
969 857 1107 920 Domini
1121 858 1158 920 in
1173 857 1263 922 beato

142 943 237 1006 Petro
266 941 559 1026 blasphemantium
588 939 816 1026 parrulitatem
843 949 872 1002 et
895 941 1093 1020 audacium,·
1124 943 1264 1004 aildistis

143 1026 335 1110 superbiam
357 1033 399 1088 ad
414 1026 573 1088 iniuriam
588 1033 617 1087 et
632 1023 859 1087 contumeliam
874 1033 1007 1088 sanctae
1023 1033 1052 1086 et
1068 1025 1264 1108 apostolicae

144 1111 230 1174 sedis
242 1109 371 1188 elatam,
389 1107 516 1194 qualem
535 1109 634 1171 oestri
644 1117 758 1190 patres
773 1130 831 1170 nec
842 1109 997 1170 uiderunt
1011 1129 1068 1171 nec
1085 1109 1265 1172 audierunt

144 1215 292 1277 unquam
319 1215 376 1256 nec
404 1195 645 1276 scripturarum
672 1194 770 1255 series
798 1190 846 1256 ali
867 1202 976 1255 nando
1005 1215 1026 1254 a
1042 1193 1195 1276 poponis
1216 1191 1265 1254 uel

144 1278 316 1340 haereticis
338 1277 428 1340 docet
450 1297 614 1340 emersam.
661 1273 763 1338 Cuius
789 1215 871 1338 moli
897 1278 956 1339 etsi
983 1275 1090 1360 quodb
1118 1297 1266 1360 unquam

139 1360 417 1460 postofundatcm
432 1359 618 1424 ecclesiamc
640 1367 669 1420 et
688 1368 912 1444 propapatam
923 1359 1026 1440 fidem
1043 1359 1165 1424 Obristi
1180 1381 1263 1444 pro·

144 1453 289 1510 cessisset
311 1443 501 1529 eccemplum,
525 1442 675 1507 omnibus
696 1453 804 1506 tamen
818 1442 974 1524 fidelibus
991 1465 1057 1527 pro
1079 1452 1169 1507 tanto
1189 1466 1263 1507 con-

143 1538 264 1614 temptu
290 1538 319 1592 et
344 1527 588 1592 conculcatione
610 1527 816 1610 apostolicae,
842 1529 937 1590 immo
964 1527 1098 1590 diuinae
1125 1529 1265 1590 auctori-

143 1617 237 1692 tatis,
265 1612 439 1676 dolendum
455 1611 548 1694 foret
577 1621 605 1674 et
631 1611 832 1694 pemendum.
879 1607 1089 1696 Quapropter
1116 1613 1146 1674 si
1176 1610 1265 1674 beato

144 1697 238 1759 Petro
262 1695 367 1759 claues
389 1697 486 1779 repni
507 1693 667 1758 coelorum
690 1718 712 1756 a
733 1693 886 1758 dominod
909 1703 1017 1757 nostro
1039 1695 1115 1757 Iesu
1141 1693 1265 1758 Christo

143 1781 306 1842 traditas⁰
336 1780 485 1858 creditis,
514 1787 543 1840 et
570 1777 659 1840 vobis
682 1799 747 1864 per
767 1799 887 1839 manus
908 1779 1017 1860 ipsius
1040 1779 1086 1842 ad
1115 1787 1266 1841 aeternae

144 1865 230 1926 vitae
260 1863 390 1947 paudia
417 1863 589 1924 introitum
610 1859 746 1943 paterar
779 1861 900 1944 cupitis
906 1907 916 1939 ,
944 1861 1156 1944 copitandum
1177 1861 1266 1925 uobis

144 1955 199 2026 est,
226 1955 386 2030 quantum
408 1969 498 2008 nunc
520 1947 559 2008 dc
581 1945 651 2007 irro
678 1953 734 2008 ata
756 1943 820 2007 sibi
842 1943 1060 2006 contumelia&
1086 1943 1192 2007 dolere
1214 1945 1267 2008 de-

145 2031 256 2094 beatis.
299 2030 379 2092 Nisi
408 2033 494 2093 enim
520 2029 591 2108 bic,
623 1967 680 2090 ult
704 2049 769 2112 per
795 2027 993 2090 discrimina
1021 2029 1267 2111 temptationum

144 2123 252 2178 uestra
265 2113 352 2194 fides
367 2123 396 2178 et
411 2114 513 2177 corda
530 2113 728 2196 probantur,
750 2113 834 2175 socii
844 2113 1040 2194 passionum
1062 2111 1266 2195 efficiamini,
1277 2137 1293 2176 1
1305 2140 1354 2183 ar,

141 2198 263 2284 procul
292 2197 390 2262 dubio
419 2221 486 2262 non
516 2199 606 2260 estis·
622 2197 659 2260 di
683 2198 734 2276 ni,
768 2205 804 2258 ut
819 2197 1007 2281 participes
1025 2196 1168 2280 futurae
1190 2218 1264 2259 con·
1278 2201 1298 2246 1,
1316 2199 1335 2239 ⁷·

144 2283 316 2346 solationis
338 2291 367 2344 et
380 2280 451 2362 filii
472 2283 585 2366 rep-ni,
611 2219 771 2344 coelestem
800 2303 954 2344 coronam
976 2289 1005 2342 et
1030 2279 1170 2364 ploriam
1199 2302 1266 2343 sor-

146 2367 289 2430 tiamini.
332 2365 503 2450 Ropamus
530 2368 637 2450 ipitur
664 2367 833 2428 caritatem
861 2373 1015 2444 vestram,
1046 2373 1082 2427 ut
1103 2365 1267 2428 instanter

147 2449 296 2533 diuinum
324 2448 584 2514 misericordiam
611 2448 788 2530 implorare
815 2448 993 2528 studeatis,
1022 2457 1184 2531 quatenus
1207 2457 1265 2512 aut

104 2542 107 2546 ’
147 2533 249 2596 corda
278 2533 456 2615 impiorum
484 2533 530 2594 ad
544 2533 791 2676 lpoenitentiam
820 2540 939 2610 vertat,
971 2541 1030 2595 aut
1056 2533 1266 2616 reprimendo

148 2638 259 2679 eorum
280 2615 432 2700 nefanda
454 2617 544 2678 consi
556 2617 604 2694 ia,
626 2637 726 2698 quam
746 2615 940 2698 insipientes
962 2625 991 2678 et
1012 2615 1105 2679 stulti
1119 2617 1187 2678 sint
1209 2617 1267 2700 qui

144 2708 274 2784 petram
294 2699 353 2764 inh
378 2698 505 2764 Clusa
518 2697 706 2782 fundatam
727 2707 863 2762 evertere
892 2708 920 2762 et
948 2700 1066 2763 divina
1083 2699 1265 2784 priuilepia

124 2783 270 2847 uiolare
293 2791 465 2863 conantur,
488 2782 659 2846 ostentati.

231 2865 281 2930 70.
317 2867 419 2930 Beate
436 2867 527 2930 Petre
550 2866 771 2950 apostolorum
788 2867 958 2949 princeps,
980 2864 1109 2929 inclina
1124 2867 1266 2951 quaesok

145 2952 225 3038 pias
253 2973 350 3014 aures
371 2961 446 3014 tuas
468 2950 577 3030 nobis,
603 2960 631 3014 et
654 2950 737 3014 andi
758 2973 806 3013 mc
828 2973 956 3014 servum
976 2958 1082 3030 tuum,
1113 2974 1204 3050 quem
1226 2950 1266 3014 ab

147 3035 299 3118 infantia
321 3036 458 3098 nutristi
472 3043 501 3098 et
522 3056 622 3119 usque
645 3035 690 3098 ad
705 3034 791 3096 banc
806 3033 941 3098 diemde
961 3055 1064 3098 manu
1078 3035 1268 3119 iniquorum

148 3119 310 3198 liberasti,
341 3121 399 3204 qui
419 3141 467 3182 me
492 3140 557 3202 pro
579 3127 639 3181 tua
653 3117 814 3199 fidelitate
836 3118 976 3182 oderunt
997 3127 1025 3179 et
1048 3118 1173 3181 odiunt.
1218 3119 1267 3182 in

147 3203 248 3266 micbi
262 3204 350 3266 testis
365 3225 407 3282 cs,
429 3212 457 3266 ct
471 3202 607 3266 domina
620 3206 711 3266 mea*
732 3211 835 3266 mater
849 3201 915 3264 Dei
921 3202 939 3281 ¹,
955 3209 984 3265 et
1005 3201 1117 3264 beatus
1128 3201 1267 3282 Paulus,
1278 3215 1374 3270 *usin

149 3285 257 3359 frater
278 3295 364 3365 tuus,
387 3289 473 3349 inter
495 3307 603 3349 omnes
625 3295 766 3366 sanctos,
788 3285 876 3371 quod
896 3293 955 3348 tua
978 3293 1094 3348 sancta
1115 3285 1268 3348 Romana

149 3368 285 3433 ecclesia
306 3393 355 3432 me
376 3371 517 3433 inuitum
540 3369 585 3432 ad
606 3392 669 3433 sua
691 3367 917 3455 pubcrnacula
938 3369 1053 3449 traicit,
1077 3377 1105 3432 et
1120 3389 1178 3454 epo
1201 3389 1268 3431 non

148 3454 307 3536 rapinam
323 3453 504 3516 arbitratus
518 3475 589 3516 sum
603 3453 649 3516 ad
663 3454 769 3517 sedem
782 3462 874 3516 tuam
891 3453 1073 3531 ascendere,
1090 3453 1269 3537 potiusque

149 3537 239 3600 volui
253 3539 352 3600 vitam
367 3560 471 3600 meam
478 3537 582 3618 finire
595 3539 633 3600 in
643 3538 923 3622 pereqrinatione,
944 3559 1043 3621 quam
1057 3535 1162 3600 locum
1178 3544 1269 3598 tuum

145 3643 211 3706 pro
239 3619 349 3706 picria
377 3621 509 3700 mundi,
534 3633 631 3705 prom
665 3618 831 3684 saecrdari
858 3622 993 3705 inpenio
1024 3622 1182 3704 arripere.
1226 3619 1270 3683 Et

148 3705 242 3768 ideo1¹
271 3715 330 3767 erc⁰
358 3713 418 3768 tua
443 3707 573 3790 pratia,
603 3727 670 3769 non
697 3726 737 3767 erc
762 3706 842 3768 meis
868 3704 1019 3788 operibus
1042 3705 1153 3786 credo,
1183 3704 1270 3790 quod

149 3864 172 3917 a)
186 3866 214 3908 N,
231 3869 251 3908 1.
318 3864 341 3917 b)
356 3866 451 3914 aliquod
466 3867 493 3905 R.
566 3865 587 3918 c)
603 3867 658 3906 deest
674 3868 702 3908 n.
771 3865 794 3918 d)
812 3868 833 3909 d.
847 3868 890 3908 deo
907 3879 930 3908 n.
948 3868 974 3908 R.
1041 3866 1063 3919 c)
1078 3871 1105 3908 tr.
1122 3877 1176 3908 esse
1193 3877 1225 3906 cr.
1242 3867 1268 3908 B.

147 3921 263 3974 opstare
279 3925 311 3964 et.
372 3925 396 3977 3)
412 3927 499 3966 iniuria
514 3925 540 3964 Β.
599 3923 623 3976 h)
641 3927 694 3966 alt.
754 3925 772 3978 i)
788 3927 814 3964 R.
830 3927 901 3966 addit:
918 3927 1023 3974 Qualiter
1038 3931 1115 3966 nutem
1131 3926 1270 3974 iniquibus

148 3995 191 4033 pro
212 3985 286 4023 causis
308 3984 388 4024 beatus
403 3985 486 4024 Petrus
507 3985 660 4024 anathematis
682 3986 777 4026 vinculo
801 3996 879 4033 rogem
902 3985 1042 4034 alligaverit,
1064 3986 1089 4024 in
1105 3985 1195 4025 cartula
1210 3995 1270 4034 quac

148 4042 202 4081 huic
218 4043 309 4083 inclusa
324 4047 370 4094 eu,
391 4045 461 4094 plene
481 4045 577 4093 potestis
593 4053 739 4091 cognoscere.
778 4043 836 4090 Onne
856 4045 881 4083 ln
902 4045 949 4085 cccl.
967 4045 1076 4094 epistolam
1096 4044 1210 4092 praecedit,
1232 4054 1268 4092 ap.

149 4099 244 4148 Jufflum
259 4113 282 4151 p.
293 4103 336 4144 ms
349 4103 405 4143 edita
421 4108 459 4144 est.
495 4101 518 4150 k)
535 4103 562 4152 (ῖς
576 4105 595 4144 1.
611 4113 734 4150 quesumus
751 4104 764 4142 2
779 4102 825 4154 (ubi
837 4104 886 4142 solo
907 4105 958 4142 hacc
973 4103 1160 4142 excommunicatio
1175 4099 1269 4152 nanas).

89 4183 92 4188 -
149 4158 167 4209 1)
180 4160 269 4200 domini
285 4162 305 4201 2.
373 4160 405 4213 m)
421 4163 477 4200 deest
493 4161 519 4199 B.
536 4165 555 4199 ct
575 4161 662 4200 omnino
684 4162 801 4201 eiciendum
822 4167 862 4202 cst.
892 4161 933 4201 Sed
947 4173 994 4200 cum
1008 4163 1033 4200 ln
1049 4162 1061 4199 2
1078 4171 1162 4211 quoqne
1178 4162 1268 4210 nactur,

148 4217 219 4266 ipsius
234 4219 348 4260 Brunonis
369 4232 432 4260 error
447 4231 491 4260 csse
506 4220 597 4260 videtur.
633 4219 663 4263 W.
723 4219 748 4272 n)
765 4221 790 4260 in
806 4221 849 4260 deo
866 4221 886 4262 2.
947 4218 970 4270 ο)
987 4221 1043 4258 dccet
1060 4221 1080 4261 l.

151 4347 179 4415 1)
201 4349 278 4418 [incy.
304 4351 368 4403 VH.
389 4350 504 4420 Recistr.
524 4351 584 4418 III,
603 4351 629 4402 6.
687 4376 689 4380 ·
