3098 4818
427 349 550 400 BRUNO
571 349 621 400 DE
641 348 763 400 BELLO
783 347 976 400 sexottlco.
1228 346 1261 396 ⁷5

142 522 197 586 nis
218 541 285 584 non
307 520 378 582 sine
400 540 520 604 mapno
537 515 689 602 periculo
712 517 940 597 remansimus,
969 524 998 580 et
1028 516 1147 597 adbuc,
1178 517 1263 579 siout
1275 530 1341 571 1⁰7⁷·

142 604 412 684 desideravimus,
443 602 535 666 ultra
561 609 684 665 montes
708 599 880 684 proficisci
905 600 1121 683 nequivimus.
1176 597 1262 672 Quo·

143 689 236 752 circa
257 708 421 752 monemus
450 709 516 766 nos,
549 695 579 748 et
607 706 647 747 eu
670 693 769 770 parte
797 685 883 748 beati
908 683 1000 747 Petri
1020 685 1261 769 praecipimus,

143 781 180 834 ut
190 770 280 856 fulti
302 773 494 834 auctoritate
517 770 636 832 buius³
658 771 764 832 nostri
780 769 964 852 praecepti,
992 776 1170 853 nostraque
1191 769 1261 832 nice

144 855 315 920 abeodem
343 853 565 940 apostolorum
589 854 743 936 principe
771 853 921 931 accincti,
950 856 1123 937 utrumque
1144 874 1261 938 repem,

143 940 339 1004 Heinricum
354 937 502 1002 videlicet
517 946 613 1023 atque
627 934 821 1020 lindulfum,
844 938 1079 1016 commoneatis,
1101 945 1263 1019 quatenus

143 1023 238 1088 nobis
258 1025 348 1086 oium
368 1020 460 1085 illicl'
482 1043 592 1085 secure
612 1021 811 1084 transeundi
826 1021 992 1103 aperiant,
1013 1029 1043 1084 et
1057 1019 1263 1084 adiutorium

144 1117 179 1170 at
201 1129 241 1170 ue
263 1107 421 1170 ducatum
437 1127 502 1188 per
516 1105 597 1170 tales
612 1127 787 1190 personas,
809 1103 848 1168 de
871 1103 989 1188 quibus
1010 1127 1066 1168 uos
1088 1103 1165 1168 bene
1186 1125 1261 1168 cou-

192 1191 268 1270 atis,
289 1187 482 1274 praebeant,
511 1197 548 1252 ut
573 1191 635 1252 iter
661 1189 757 1252 nobis
780 1187 908 1254 Cbristo
928 1197 1118 1274 protepente
1135 1197 1262 1272 pateat.

143 1275 381 1339 Desideramus
402 1275 489 1337 enim
511 1273 741 1338 cumconsilio
770 1271 962 1336 clericorum
985 1282 1081 1358 atque
1101 1271 1263 1336 laicorum

143 1359 288 1423 eiusdem
309 1359 405 1443 requi
433 1358 491 1443 qui
512 1357 618 1442 Deum
639 1358 751 1421 timent
779 1366 815 1420 et·
835 1354 991 1442 ellipsim,
1021 1377 1157 1420 causam
1177 1357 1265 1420 inter

144 1466 198 1508 eos
217 1442 287 1506 Deo
305 1442 444 1526 fauente
471 1441 640 1522 discutere,
668 1451 698 1505 et
725 1443 821 1505 cuius
837 1442 937 1524 parti
961 1441 1070 1526 mapis
1100 1440 1146 1503 ad
1166 1441 1264 1526 regni

142 1525 370 1614 pubernacula
391 1527 521 1590 iustitia
529 1525 660 1610 faveat,
684 1525 914 1590 demonstrare.
947 1524 1048 1589 Scitis
1064 1525 1159 1604 enim,
1182 1525 1264 1624 quia

144 1614 251 1676 nostri
272 1609 377 1694 officii
403 1619 432 1674 et
454 1608 653 1694 apostolicae
679 1609 767 1673 sedis
793 1618 839 1672 est
860 1609 1103 1692 prouidentiae,
1131 1630 1263 1672 maiora

143 1696 275 1781 nepotia
297 1693 509 1758 ecclesiarum
531 1695 701 1773 discutere,
730 1702 759 1754 et
786 1693 930 1756 dictante
951 1694 1078 1757 iustitia
1102 1691 1262 1776 diffinire.

144 1780 216 1843 Hoc
239 1788 346 1842 autem
367 1777 455 1862 quod
475 1779 563 1840 inter
589 1800 642 1841 eos
670 1779 785 1863 apitur
810 1779 984 1860 nepotium,
1014 1785 1126 1840 tantae
1153 1777 1263 1862 dipui·

143 1865 222 1930 tatis
243 1871 289 1926 est
309 1863 458 1945 tantique
474 1861 631 1944 periculi,
653 1870 690 1922 ut
710 1862 741 1924 si
763 1883 784 1922 a
797 1859 890 1942 bobis
914 1859 1148 1944 aliquafuerit
1170 1882 1261 1923 occa-

144 1948 235 2011 sione
257 1945 446 2032 neplectum,
474 1967 541 2009 non
571 1943 674 2008 solum
695 1942 762 2007 illis
784 1953 814 2010 et
834 1943 937 2024 nobis,
966 1944 1023 2007 sed
1048 1944 1163 2007 etiam*
1185 1945 1369 2012 uni-*nera

144 2029 267 2095 versali
281 2029 432 2094 ecclesiae
446 2052 605 2115 magnum
620 2038 650 2092 et
660 2028 866 2093 lamentabile
885 2031 1005 2112 pariat
1026 2028 1261 2092 detrimentum.

147 2113 357 2200 Quapropter
385 2115 415 2176 si
445 2112 598 2177 alteruter·
620 2112 870 2200 praedictorum
890 2135 1004 2198 rapum
1033 2111 1109 2175 buia
1132 2121 1263 2174 nostrae

143 2199 307 2264 uoluntati
328 2222 367 2262 ao
389 2197 620 2262 deliberationi
634 2219 759 2282 parere
780 2205 810 2261 et
828 2198 873 2261 ad
887 2205 995 2260 uestra
1009 2197 1134 2260 monita
1157 2194 1263 2259 locum

145 2283 226 2347 dare
246 2283 426 2364 rennuerit,
447 2304 604 2367 suamque
625 2281 814 2364 superbiam
837 2289 933 2367 atque
954 2281 1151 2366 cupiditatis
1163 2278 1262 2364 faces

144 2377 260 2431 contra
294 2367 447 2431 bonorem
473 2367 538 2430 Dei
566 2367 795 2448 omnipotentis
828 2366 1023 2446 accendens,
1061 2364 1106 2427 ad
1138 2361 1263 2427 desola-

144 2453 261 2514 tionem
282 2451 381 2513 totius
395 2451 541 2514 Rotnani
559 2451 694 2532 imperii
708 2447 865 2512 anbelare
882 2451 1094 2533 temptauerit,
1117 2448 1263 2512 omnibus

144 2533 250 2619 modis
272 2535 421 2617 omnique
442 2534 578 2620 inpenio
599 2555 702 2617 usque
718 2532 764 2596 ad
778 2543 919 2614 mortem,
942 2535 972 2596 si
994 2541 1127 2616 oportet,
1149 2541 1264 2596 nostra

144 2619 213 2682 vice
234 2618 402 2699 resistite0,
428 2619 524 2682 immo
548 2618 634 2681 beati
655 2615 745 2680 Petri
767 2618 959 2680 auctoritate
988 2620 1019 2680 ei
1039 2618 1138 2680 totius
1167 2616 1264 2700 repni

145 2700 373 2786 pubernacula
407 2701 679 2781 contradicendo,
711 2709 778 2763 tam
804 2699 898 2763 illum
931 2722 1027 2784 quam
1063 2721 1168 2763 omnes
1199 2698 1264 2762 sibi

145 2786 377 2850 eonsentientes
407 2808 428 2847 a
451 2787 673 2849 commuuione
700 2785 849 2866 corporis
878 2793 907 2847 et
935 2783 1111 2869 sanpuinis
1139 2782 1264 2846 domini

145 2871 251 2935 nostri
272 2869 348 2932 Iesu
372 2867 505 2949 Cbristi,
537 2877 566 2930 et
589 2891 610 2930 o
631 2867 800 2932 liminibus
830 2877 964 2930 sanctae
991 2866 1143 2932 ecclesiae
1169 2888 1264 2950 sepa·

144 2963 226 3035 rote,
248 2952 334 3017 illud
355 2975 481 3037 semper
502 2952 652 3016 babentes
673 2955 711 3017 in
732 2953 897 3032 memoria,
931 2952 1012 3037 quia
1033 2950 1136 3015 scelus
1157 2949 1263 3015 idola·

145 3041 229 3102 triae
254 3039 399 3102 incurrit
426 3039 485 3124 qui
514 3035 713 3120 apostolicae
740 3035 812 3100 sedi
839 3035 967 3100 obedire
994 3037 1201 3118 contempnit,
1235 3043 1264 3098 et

146 3122 235 3207 quod
260 3122 371 3186 beatus
396 3123 587 3206 Greporius,
617 3121 729 3186 doctor
754 3128 888 3184 sanctus
916 3129 946 3184 et
967 3119 1177 3200 humillimus,
1208 3119 1260 3182 de·

146 3208 256 3286 creuit,
282 3227 374 3290 repes
396 3228 418 3268 a
440 3208 510 3270 suis
532 3206 751 3290 dipnitatibus
773 3205 900 3284 cadere,
929 3206 960 3267 si
981 3205 1153 3268 temerario
1176 3225 1263 3266 ausu

141 3298 390 3374 praesumerent
412 3298 526 3353 contra
547 3290 634 3352 sedis
657 3287 856 3373 apostolicae
877 3290 973 3352 iussa
995 3290 1115 3352 venire.
1159 3285 1263 3351 Alteri

145 3395 231 3452 uero,
254 3376 311 3458 qui
332 3383 462 3437 nostrae
483 3375 626 3438 iussioni
646 3371 811 3436 humiliter
821 3373 978 3456 paruerit
999 3382 1028 3434 et
1050 3371 1263 3434 obedientiam

146 3455 330 3520 universali
350 3460 460 3538 matri,
481 3459 565 3521 sicut
587 3458 674 3521 decet
695 3456 913 3520 christianum
930 3477 1047 3540 repom,
1070 3453 1263 3533 collibuerit,

146 3550 320 3606 conuocato
350 3539 509 3605 concilio‘1
539 3543 682 3605 omnium
711 3540 901 3604 clericorum
932 3549 961 3601 et
990 3537 1150 3603 laicorum
1184 3559 1264 3621 quos

146 3626 307 3689 advocare
317 3627 482 3708 poteritis,
504 3622 678 3690 consilium
693 3633 722 3687 et
737 3624 938 3688 adiutorium
952 3623 989 3686 in
1005 3621 1153 3686 omnibus
1166 3643 1264 3705 prae·

147 3710 222 3790 bete,
244 3719 273 3772 et
294 3710 332 3772 in
346 3710 442 3795 repia
457 3709 621 3794 dipnitate
631 3730 696 3792 per
711 3708 936 3772 auctoritatem
951 3706 1116 3772 beatorum
1133 3713 1263 3853 abposto·

145 3793 252 3858 lorum
280 3792 370 3856 Petri
395 3803 424 3857 et
445 3793 546 3856 Pauli
573 3803 688 3857 nostra
719 3793 787 3856 eice
816 3790 1019 3873 confirmate,
1054 3791 1142 3855 omni
1162 3809 1264 3872 usque

146 3878 321 3961 episcopis,
344 3876 525 3957 abbatibus,
556 3876 683 3941 clericis
712 3900 751 3940 ac
773 3875 871 3940 laicis
891 3879 929 3941 in
950 3885 1014 3939 toto
1041 3896 1143 3959 repno
1172 3873 1264 3936 babi-

146 3962 302 4041 tantibus,
323 3971 359 4024 ut
373 3962 405 4025 ei
443 3960 565 4043 deliter,
588 3962 672 4024 sicut
685 3961 758 4046 repi
774 3969 906 4044 oportet,
930 3959 1091 4039 obediant,
1113 3979 1154 4022 eoo
1165 3965 1265 4039 parte

147 4046 377 4130 omnipotentis
435 4045 465 4108 ei
481 4046 669 4130 praecipite
677 4054 700 4106 ⁰.

147 4234 170 4284 s)
187 4235 242 4274 deest
258 4237 278 4276 1.
347 4233 443 4286 1))111ιιο
459 4235 509 4286 Rea
576 4232 597 4285 o)
615 4235 695 4275 resiste
713 4237 737 4284 13
758 4245 782 4277 n.
797 4235 859 4284 vice,
872 4235 943 4274 immo
958 4233 981 4274 b.
997 4232 1024 4276 P.
1040 4243 1061 4272 a.
1078 4231 1100 4272 ei
1116 4231 1224 4281 resistito,
1243 4232 1267 4270 et

146 4297 173 4394 t,
180 4293 316 4401 313th
333 4295 430 4336 consilto
447 4297 468 4337 1.
534 4293 556 4345 e)
572 4295 634 4334 Data
655 4293 779 4344 carpinus
801 4294 875 4344 pridie
894 4293 948 4333 Kal.
970 4291 1023 4334 Iun.
1043 4291 1090 4332 tud.
1106 4291 1154 4334 XV.
1175 4289 1266 4330 additm
