3098 4818
437 336 561 389 BRUNO
580 339 631 390 DE
651 337 773 391 BELLO
791 337 984 393 SAXONIOO.
1237 341 1272 392 53

153 503 292 566 inimico
313 513 393 567 sunt
414 507 509 592 perit,
532 515 561 570 et
582 505 750 570 ecclesium
771 507 933 592 disperpit
954 530 993 572 ac
1014 509 1141 572 uastati
1184 507 1350 572 Notutoss.

153 607 248 672 erpo,
285 589 465 670 carissime,
498 591 529 652 si
560 612 633 654 eum
665 592 724 676 qni
757 593 907 655 amicitia
938 589 987 655 uel
1019 591 1178 675 colloquio
1211 591 1273 674 bis,

153 670 273 754 quibus
289 693 388 756 papa
404 695 473 758 pro
496 674 621 738 actibus
648 676 719 738 suis
747 697 882 738 auersus
904 683 960 758 est,
983 677 1177 756 associatur,
1207 685 1274 740 tam

153 756 302 840 praviter
323 757 470 821 iudicat:
493 768 619 842 quanta
641 757 763 823 illumi
787 781 869 839 sum,
892 761 947 823 cui
993 782 1031 824 ro
1055 761 1181 824 actibus
1202 761 1274 824 suis

154 859 290 903 auersus
306 837 310 844 ’
326 849 381 922 est,
419 843 708 906 animaduersione
745 782 892 906 dbmnat.
978 845 1018 906 ed
1054 853 1090 907 ut
1127 843 1173 907 ud
1206 867 1275 909 rem

153 922 335 1005 redeamus,
357 926 448 990 itane
470 925 618 1012 dipnitus
642 949 664 989 a
685 925 911 992 soecularibus
933 937 962 991 et
983 927 1090 991 Deum
1111 929 1273 1014 ipnoran·

152 1006 240 1070 tibus
272 1009 416 1087 inuenta,
447 1032 515 1074 non
544 1010 722 1074 subicietur
750 1012 781 1075 ei
809 1013 977 1098 dipnitati,
1005 1034 1104 1097 quum
1126 1013 1274 1096 omnipo-

154 1093 250 1154 tentis
265 1092 332 1157 Dei
347 1093 563 1178 prouidentia
586 1095 632 1159 ad
653 1096 807 1159 bonorem
829 1119 925 1159 seeum
946 1096 1072 1160 inuenit
1093 1096 1275 1182 mundoque

155 1176 411 1240 misericorditer
442 1178 577 1242 tribuit?
631 1177 733 1243 Cuius
757 1179 856 1262 filius
889 1181 973 1243 sicud
1005 1179 1085 1243 deas
1120 1187 1150 1241 et
1182 1179 1275 1244 bomo

153 1259 381 1324 indubitanter
402 1262 557 1343 creditur,
579 1265 630 1326 itu
651 1286 796 1327 summus
819 1263 983 1344 sacerdos,
1006 1271 1107 1348 caput
1129 1263 1275 1328 omnium

155 1343 369 1426 sacerdotum,
393 1347 438 1410 ud
454 1347 619 1411 deuterum
635 1347 746 1411 Putris
761 1349 884 1429 sedens,
908 1356 937 1410 et
952 1347 1128 1432 pronubis
1149 1369 1276 1434 semper

154 1427 370 1512 interpellans
385 1430 532 1512 babetur,
547 1433 606 1516 qui
620 1431 790 1495 saeculare
804 1455 953 1518 repnum,
969 1431 1058 1496 unde
1064 1430 1136 1513 filii
1150 1431 1276 1496 saeculi

153 1518 283 1587 tument,
307 1513 455 1598 despenit
475 1524 504 1578 et
526 1516 571 1580 ad
593 1516 810 1580 sacerdotium
832 1517 940 1580 crucis
955 1524 1156 1600 spontaneus
1177 1517 1274 1578 uenit.

159 1591 242 1668 Quis
264 1600 398 1678 nesciut,
427 1621 519 1684 repes
541 1609 570 1663 et
591 1600 689 1663 duces
712 1600 773 1662 ab⁸
797 1601 848 1664 bis
876 1600 1029 1664 habuisse
1082 1601 1273 1684 riucipium,

155 1681 214 1762 qui
239 1679 345 1744 Deum
375 1684 575 1766 ipnaruntcs,
609 1683 776 1767 superbia,
808 1685 952 1767 rapinis,
980 1623 1138 1768 perjlbliu,
1170 1683 1272 1746 bomi-

155 1763 264 1844 cidiis,
280 1773 443 1848 postremo
465 1769 630 1830 universis
647 1789 757 1850 paene
778 1766 959 1846 sceleribus,
981 1767 1099 1830 mundi
1116 1769 1274 1851 principe

154 1845 303 1910 uidelicet
324 1849 455 1913 diabolo
479 1853 636 1936 apitante,
660 1872 760 1934 super
775 1871 890 1935 pares,
922 1847 1065 1914 sciliceth
1094 1849 1272 1932 hominist,

155 1929 344 1996 dominari*
380 1956 478 1998 caeca
514 1934 671 2018 cupidine
707 1943 736 1998 et
771 1933 972 1997 intolerabili
1000 1935 1273 2018 praesumptione
1281 1945 1315 2000 *n
1324 1950 1375 1993 sss.

155 2011 408 2098 affectaverunt?
454 2015 521 2090 Qui
547 2016 709 2098 uidelicet,
742 2017 821 2082 dum
849 2017 1030 2082 sacerdotes
1060 2017 1198 2080 Domini
1227 2018 1274 2082 ad

152 2100 294 2184 oestipia
315 2123 377 2164 suu
398 2102 563 2166 inclinare
585 2103 793 2184 contendunt,
816 2103 872 2166 cui
888 2103 1009 2165 rectius
1025 2109 1272 2185 comparantur,

154 2205 253 2281 quum
276 2185 324 2248 eic
347 2186 405 2270 qui
426 2196 472 2250 est
500 2196 601 2272 caput
625 2209 726 2271 snper
755 2209 861 2251 omnes
881 2185 973 2269 filios
999 2185 1182 2270 superbiae,
1216 2185 1274 2268 qui

146 2289 263 2432 ppsum
292 2291 452 2334 summum
476 2271 678 2355 pontificem,
711 2271 915 2336 sacerdotum
944 2278 1062 2354 cupnt,
1088 2267 1273 2332 Atusstutd

178 2351 283 2416 linmd
315 2362 492 2438 temptans,
525 2365 554 2418 et
583 2358 695 2420 omnia
723 2355 776 2418 illi
801 2355 920 2418 mnndi
948 2373 1055 2440 repnu
1077 2355 1273 2437 promittens

156 2435 219 2498 ait:
250 2436 352 2500 ‘Haec
375 2439 485 2501 omnia
507 2439 568 2502 tibi
588 2439 682 2518 dabo,
709 2441 741 2503 si
762 2439 941 2524 procidens
971 2439 1164 2502 adoraveris
1192 2433 1417 2500 mereamus.

157 2518 239 2592 Quis
254 2519 386 2600 dubitet,
402 2522 583 2586 sacerdotes
597 2523 722 2589 Obristi
735 2545 849 2608 repum
864 2531 893 2585 et
900 2523 1099 2650 principum
1115 2523 1272 2585 omnium·

155 2624 216 2688 que
230 2601 383 2685 fidelium
398 2614 515 2690 patres
536 2615 565 2670 et
578 2609 753 2693 mapistros
769 2609 907 2670 censeri.
941 2605 1060 2670 Nonne
1074 2604 1272 2668 miserabilis

154 2689 311 2750 insaniae
332 2710 398 2754 esse
420 2693 635 2775 capnoscitur,
664 2693 694 2754 si
714 2689 813 2773 filius
828 2698 968 2774 patrem,
996 2689 1182 2772 discipulus
1203 2711 1271 2752 ma·

154 2773 295 2857 pistrum
323 2773 387 2836 sibi
416 2783 549 2838 conetur
577 2774 772 2860 subinpure,
808 2783 836 2836 et
864 2773 991 2858 iniquis
1017 2771 1272 2857 obliputiouibue

154 2853 248 2919 illum
269 2877 349 2920 saue
373 2860 531 2942 potestati
556 2859 709 2939 subicere,
741 2881 762 2921 a
789 2880 851 2942 qno
879 2857 981 2920 credit
1009 2878 1077 2920 non
1103 2855 1208 2921 solum
1233 2857 1272 2920 in

154 2948 253 3020 terra,
283 2942 341 3006 sed
362 2943 459 3006 etium
479 2945 516 3007 in
539 2943 635 3006 coelis
658 2965 690 3006 se
711 2941 817 3028 lipari
837 2963 937 3027 posse
966 2948 995 3002 et
1022 2939 1126 3004 solui?
1170 2941 1271 3021 Haec,

154 3025 238 3088 sicut
258 3024 371 3089 beatus
394 3024 575 3111 Greporius
604 3028 641 3090 in
667 3048 685 3089 e
710 3026 806 3091 istolu
837 3025 883 3089 ad
903 3025 1107 3089 Mauricium
1127 3026 1270 3110 impera-

153 3115 253 3172 torem
274 3109 400 3174 directu
414 3119 647 3190 commemorat,
691 3113 900 3175 onduntinus
915 3131 1058 3194 mapnus
1080 3111 1411 3255 irrppermor,n·113⁸1·

155 3193 299 3256 omuium
331 3216 444 3278 repum
474 3203 503 3258 et
529 3195 726 3280 principum
747 3193 825 3279 fere
854 3195 951 3258 totius
987 3191 1074 3256 orbis
1132 3195 1270 3273 ominus,

154 3273 317 3340 euidenter
336 3276 532 3360 intellipens
554 3279 592 3341 in
614 3289 730 3342 sanctu
751 3278 872 3364 synodo
893 3277 1046 3341 Nicena0
1065 3285 1141 3360 post
1163 3298 1271 3340 omues

154 3360 323 3448 episcopos
345 3360 479 3424 ultimus
499 3361 658 3444 residens,
680 3362 807 3426 nullum
828 3362 951 3426 iudicii
965 3361 1157 3424 sententiam
1172 3381 1273 3444 super

154 3465 207 3507 eos
234 3445 316 3508 dure
338 3447 579 3530 praesumpsit,
614 3446 670 3510 sed
695 3445 770 3510 illos
803 3449 900 3510 etium
927 3445 1004 3509 deos
1032 3465 1170 3522 oocuns,
1204 3466 1272 3508 non

155 3549 214 3590 suo
237 3527 348 3592 debere
376 3529 503 3593 subesse
531 3530 669 3611 iudicio,
701 3552 813 3594 oerum
840 3551 872 3592 se
902 3528 942 3592 ub
969 3527 1102 3592 illorum
1124 3527 1271 3611 pendere

154 3611 291 3676 arbitrio
307 3613 479 3678 iudicavit.
522 3612 725 3698 supradicto
741 3636 866 3700 qaoque
881 3613 1060 3676 Anastasio
1076 3612 1272 3695 imperatori

150 3695 359 3781 praelibatus
383 3720 481 3782 papa
509 3697 663 3762 Gelasius
716 3698 906 3778 ersuadens,
939 3719 979 3760 ne
1006 3695 1060 3759 ille
1086 3696 1272 3759 intimatam

154 3781 224 3844 suis
256 3780 403 3846 sensibus
434 3784 600 3846 ueritatem
637 3806 678 3846 ur
696 3785 855 3847 itruretur
884 3781 1062 3862 iniuriam,
1098 3777 1272 3843 subintulit

154 3863 304 3929 dicens1:
328 3865 416 3929 ‘Duo
431 3875 508 3929 sunt
529 3869 660 3951 quippe,
683 3868 861 3951 imperator
876 3873 1020 3950 aupuste,
1043 3864 1159 3948 quibus
1175 3864 1272 3946 prin·

154 3948 306 4032 cipaliter
328 3949 381 4013 bic
402 3950 546 4014 mundas
567 3953 703 4036 repitur,
734 3951 912 4016 auctoritas
938 3956 1055 4012 sancta
1071 3946 1271 4030 pontificum

155 4041 184 4095 et
211 4033 336 4118 repulis
367 4043 531 4118 potestas;
564 4035 601 4096 in
632 4034 749 4120 quibus
778 4042 868 4097 tanto
897 4033 1037 4118 pravius
1065 4039 1111 4094 est
1133 4029 1271 4114 pondus

154 4195 177 4249 a)
195 4199 223 4238 ab
238 4200 274 4239 his
290 4201 367 4241 dmum
382 4203 401 4249 1,
418 4201 498 4240 adsunt
514 4201 535 4242 2.
578 4199 602 4252 b)
617 4201 672 4240 deest
688 4201 709 4239 2.
753 4199 774 4252 c)
789 4200 844 4238 deest
861 4201 882 4240 1.
922 4197 946 4250 (1)
963 4198 1018 4236 deest
1034 4198 1055 4238 2.
1094 4194 1118 4247 d)
1134 4197 1160 4236 tn
1176 4205 1235 4236 cens
1251 4196 1271 4267 1,

155 4332 183 4398 1)
203 4333 239 4384 In
258 4335 368 4400 epistola
387 4338 462 4402 apud
480 4336 617 4387 Manciam
642 4334 722 4400 VIII,
742 4336 786 4387 ³1.
