3116 4822
280 458 315 508 et
462 459 514 508 DE
533 457 691 509 UNITATE
711 455 918 508 EOOLESIAE
938 453 1213 508 CONSERVANDA.

364 625 393 694 9.
438 623 532 688 Hanc
553 623 664 708 utique
685 622 860 706 imaginem
881 619 1075 686 Hildebrant
1103 629 1136 686 et
1157 620 1301 706 episcopi
1330 619 1400 684 eius

279 711 313 774 in
334 729 411 792 rege
427 705 590 773 Henrioho
613 716 644 772 et
666 704 802 772 oderunt
822 715 854 770 et
875 705 1036 854 persecuti
1050 713 1134 786 sunt,
1157 716 1189 770 et
1199 711 1400 789 potestatem,

280 814 363 878 quae
385 815 406 856 a
426 791 498 858 Deo
528 801 585 873 est,
612 810 675 876 qua
702 800 734 856 et
758 790 829 876 ipse
855 809 875 852 a
898 788 960 853 hue
988 799 1102 874 regnat
1129 799 1224 874 atque
1251 789 1399 874 imperat,

279 886 313 941 et
335 875 471 941 oderunt
492 886 524 941 et
544 875 707 961 persecuti
728 882 812 956 sunt,
834 872 981 959 ideoque,
1003 873 1178 958 assumptis
1192 869 1255 937 sibi
1270 871 1400 958 quibus-

280 960 355 1025 dam
378 961 524 1024 scissuris
553 960 655 1043 regni,
685 959 918 1023 constituerunt
947 966 1056 1022 contra
1081 955 1314 1021 ordinationem
1336 955 1400 1020 Dei

280 1043 378 1108 alium
400 1065 518 1130 regem,
543 1041 716 1108 Rudolfum
739 1041 862 1108 scilicet
888 1040 1004 1106 ducem
1028 1041 1216 1122 suevorum,
1253 1040 1312 1105 sub
1336 1061 1399 1125 qno

279 1127 511 1214 praeliarentur
538 1125 656 1192 bellum
684 1147 788 1209 suum,
818 1146 882 1212 quo
906 1123 1104 1212 quaerebant
1125 1125 1274 1190 omnibus
1296 1122 1400 1188 modis

279 1211 474 1278 mortificare
495 1233 529 1276 re
553 1233 604 1274 em
629 1209 834 1291 llenricbum,
864 1210 1041 1296 cupientes,
1070 1229 1204 1294 corpore
1233 1219 1266 1273 et
1293 1209 1400 1272 anima

279 1296 385 1381 perire
406 1317 490 1360 eum.
530 1233 636 1378 lgitur
657 1315 742 1358 anno
764 1293 806 1358 ab
828 1295 1048 1358 incarnatione
1062 1292 1197 1357 Domini
1213 1294 1303 1362 1077.
1327 1313 1401 1357 oon·

280 1388 436 1444 venerunt
456 1399 566 1442 mense
588 1378 704 1442 Martio
727 1379 837 1462 episco
862 1377 873 1440 i
895 1387 927 1442 et
954 1378 1128 1463 principes,
1157 1378 1213 1462 qui
1242 1385 1333 1441 erant
1359 1399 1401 1441 ex

280 1472 372 1549 parte
394 1461 598 1526 Hildebrenti
619 1482 734 1548 papae,
761 1471 794 1526 et
814 1400 862 1526 eli
886 1472 980 1526 erunt
1006 1483 1040 1526 re
1065 1484 1115 1526 em
1144 1471 1256 1526 oonua
1281 1481 1401 1545 regem,

281 1547 367 1610 circa
392 1547 520 1612 tertiam
549 1543 670 1610 scilicet
702 1483 938 1611 hebdomadam
972 1483 1252 1631 quadragesimae,
1285 1545 1401 1644 quibus

281 1629 405 1696 scilieet
425 1629 638 1694 saerosanctis
658 1627 774 1694 diebus
795 1626 924 1695 iubetur
945 1629 1118 1694 christiana
1138 1627 1252 1714 religio
1266 1627 1402 1692 morum

281 1721 465 1800 temporum
491 1711 707 1798 negligentias
736 1712 858 1779 diluere
887 1723 919 1779 et
945 1714 1028 1778 siout
1054 1735 1160 1778 rerum
1193 1713 1239 1776 ita
1295 1733 1402 1798 uoque

282 1797 395 1863 offerre
417 1797 489 1862 Deo
512 1797 655 1861 decimas
677 1796 812 1878 dierum,
841 1797 970 1884 quando
992 1797 1088 1863 etiam
1110 1797 1220 1883 praeci
1244 1797 1270 1860 it
1325 1796 1403 1860 omi-

281 1903 342 1946 nus
363 1903 423 1968 per
444 1881 682 1966 praedicatores
704 1902 778 1946 euos
803 1881 953 1946 insonare
981 1902 1045 1946 non
1075 1881 1202 1965 signum
1221 1819 1316 1962 belli,
1346 1879 1403 1946 sed

283 1964 394 2030 tubam
416 1965 665 2052 praedicationis
688 1965 730 2030 ad
753 1966 994 2030 convocandum
1024 1967 1058 2028 in
1080 1963 1217 2031 ecelesia
1246 1963 1403 2051 populum

122 2059 416 2136 10012‚1e.1e.pr0pter
437 2049 652 2135 poenitentiae
674 2048 825 2114 studium.
870 2049 994 2131 Currite,
1015 2049 1129 2134 inquit,
1150 2049 1229 2113 tuba
1249 2051 1286 2114 in
1309 2047 1403 2131 Sion,

283 2134 484 2216 eandpicatc
511 2135 684 2213 mincium,
717 2143 827 2198 vocate
853 2144 984 2213 coetum,
1013 2144 1208 2220 congregate
1231 2132 1404 2218 populum,

283 2217 485 2300 sonctificate
507 2216 683 2298 ecclesiam,
706 2217 889 2282 coadunate
910 2239 1010 2298 sanes,
1033 2227 1228 2304 congregate
1240 2216 1404 2300 purvulos

164 2310 312 2372 assatet
334 2310 484 2386 augentes
506 2301 618 2364 ubera.
660 2299 705 2363 Et
715 2301 849 2364 iterum:
874 2297 997 2383 Clamo,
1020 2324 1060 2365 ne
1083 2323 1192 2382 cesses,
1215 2302 1312 2386 quasi
1326 2301 1405 2364 tuba

283 2383 395 2450 eaealto
415 2407 522 2449 vocem
543 2395 644 2464 tuom,
674 2392 703 2449 ct
724 2384 891 2448 annuntia
908 2384 1036 2468 populo
1057 2407 1124 2450 meo
1146 2383 1268 2449 scelera
1295 2405 1406 2449 corum

284 2479 313 2531 et
327 2469 439 2534 domui
453 2467 550 2532 Iacob
564 2478 836 2553 peccatotorum,
860 2465 939 2532 dicit
961 2467 1112 2532 dominus
1128 2467 1230 2533 Deus.
1272 2467 1406 2552 Legitur

284 2572 414 2638 quoque
440 2553 474 2615 in
504 2549 586 2617 libro
612 2551 749 2616 Romani
777 2551 900 2616 ordinis
911 2564 931 2631 ¹,
963 2553 1041 2638 quia
1070 2553 1148 2617 ordo
1178 2552 1405 2616 scrutiniorum

284 2645 399 2723 quarta
425 2634 507 2700 feria
532 2635 644 2700 tertiae
671 2636 704 2700 in
738 2636 985 2723 quadragesima
1017 2635 1239 2701 hebdomadae
1273 2643 1406 2734 propter

283 2741 388 2784 novae
410 2719 532 2786 scilicet
552 2721 805 2804 regenerationis
826 2719 1033 2786 candidatum
1055 2721 1199 2785 initiatur
1219 2727 1252 2784 et
1272 2741 1306 2783 ιιι
1335 2720 1405 2785 sab·

282 2802 359 2869 bato
382 2813 492 2869 sancto
515 2825 633 2890 pascae
655 2803 773 2886 linitur,
797 2815 834 2870 ut
854 2803 1031 2869 seeundum
1054 2803 1225 2868 formam?
1248 2803 1406 2868 donorum

285 2886 423 2974 Spiritus
445 2889 578 2952 sanctii
595 2888 750 2954 scrutinia
771 2899 804 2952 et
824 2887 958 2954 totidem
981 2885 1158 2954 oblationes
1191 2907 1271 2973 quas
1286 2887 1407 2974 patrini

282 2969 334 3036 vel
355 2971 511 3035 matrinae
532 2992 591 3056 pro
613 2968 723 3034 electis
747 2969 898 3037 iubentur
918 2971 1042 3054 offerre,
1065 2992 1159 3058 comp
1173 2981 1295 3036 eantur.
1339 2970 1406 3035 Sed

284 3063 395 3118 contra
409 3051 497 3118 aliud
511 3074 598 3117 nunc
612 3054 790 3120 instituitur
800 3056 861 3120 iter
872 3076 969 3141 quam
980 3056 1022 3121 ad
1034 3055 1240 3142 baptismum,
1253 3056 1406 3142 quoniam

285 3137 476 3202 scrutinium
496 3135 684 3222 intelligitur
694 3138 755 3202 iter
765 3138 806 3202 ad
822 3139 1034 3225 baptismum,
1056 3160 1131 3202 nam
1147 3140 1233 3204 circa
1247 3140 1331 3204 hano
1344 3147 1406 3204 ter·

284 3221 363 3286 tiam
375 3220 640 3370 quadragesimae
651 3220 887 3288 hebdomadam
905 3224 1029 3288 canitur
1046 3245 1105 3311 per
1119 3222 1322 3310 supradictos
1339 3224 1405 3310 epi·

284 3326 399 3391 scopos
408 3305 501 3391 quasi
532 3303 660 3370 ellicum
668 3305 830 3392 quoddam
842 3309 980 3391 signum,
991 3319 1027 3374 ut
1038 3328 1098 3372 con
1123 3317 1238 3394 regent
1248 3306 1406 3394 populum

285 3390 477 3456 constituere
488 3389 551 3454 sibi
562 3411 671 3476 regem
683 3411 813 3456 novum.
843 3391 907 3472 Qui
923 3401 1009 3456 certe
1018 3331 1186 3475 Ruddfus,
1208 3414 1281 3458 cum
1299 3391 1407 3458 media

209 3481 274 3522 ¹⁰¹⁷·
285 3473 541 3560 quadragesima,
554 3473 606 3538 die
618 3473 918 3557 scilicetdominica,
929 3495 988 3562 per
996 3475 1187 3561 Sigifridum
1194 3477 1406 3562 Moguntinae

163 3541 230 3583 Μ
239 3540 274 3582 ¹⁹·
284 3556 439 3622 eeclesiae
447 3557 725 3646 archiepiscopum
737 3559 948 3642 ordinaretur,
960 3559 1297 3644 sanguinemultorum
1306 3559 1407 3623 homi-

284 3662 361 3705 num
373 3641 526 3724 initiatur,
542 3644 694 3728 quoniam
705 3643 892 3728 Mogontiae
903 3641 1008 3743 plebis
1018 3642 1189 3710 multitudo
1202 3641 1405 3709 conclamans

285 3734 384 3810 atque
403 3745 596 3791 concurrens
613 3725 655 3791 ad
673 3727 832 3791 eiusmodi
849 3726 1014 3792 sed1t10n1s
1031 3736 1214 3874 portentum
1229 3724 1405 3813 repellitur,

284 3809 523 3895 fugaturatque
535 3808 700 3891 occiditur,
712 3809 901 3892 eteoclesia,
912 3811 946 3875 in
958 3832 1023 3898 qua
1046 3811 1267 3877 actaesthaec
1280 3809 1406 3876 ordina-

284 3895 341 3975 tio,
356 3893 797 3978 sanguineetiamviolaturt
821 3895 961 3960 Proinde
971 3918 1040 3977 vos,
1079 3897 1113 3960 ui
1123 3896 1258 3962 tremitis
1269 3895 1311 3962 ad
1324 3894 1407 3960 iudi-

286 3978 371 4042 cium
390 3977 535 4058 Domini,
558 3976 711 4043 attendite
729 3977 863 4044 obsecro
880 3979 1037 4044 iudicium
1088 3980 1196 4044 omini.
1229 3980 1406 4065 Postquam

285 4081 362 4126 vero
376 4058 429 4124 ille
444 4058 600 4126 Rudolfus
614 4082 673 4126 rex
688 4071 802 4148 quarto
819 4063 1030 4128 ordinationis
1045 4082 1121 4128 suae
1136 4083 1220 4126 auno
1235 4064 1270 4126 in
1284 4060 1406 4148 praelio

288 4261 315 4325 1)
334 4259 407 4313 Ordo
420 4261 626 4324 RomanusVlI,
637 4261 769 4313 Mobillon
780 4262 901 4314 Musenm
912 4261 1038 4314 Italicum
1049 4261 1087 4324 11,
1099 4277 1125 4326 p.
1136 4259 1181 4312 82.
1242 4256 1271 4323 2)
1286 4257 1327 4310 Of.
1337 4259 1406 4312 Bru·

286 4349 384 4384 nonem
401 4333 522 4385 debello
538 4334 601 4386 Sex.
612 4335 671 4397 (SS.
682 4335 715 4398 V,
729 4352 755 4402 p.
767 4335 829 4386 36⁶.
844 4335 924 4401 866),
945 4336 980 4386 of.
997 4333 1107 4386 Paulum
1123 4333 1263 4386 Bernried.
1288 4332 1407 4400 (watte-

288 4406 346 4457 rich
358 4407 413 4458 vit.
432 4407 525 4473 pontii.
546 4407 568 4469 1,
588 4424 615 4473 p.
633 4406 707 4472 sel).
