3114 4814
293 330 346 379 116
475 329 526 380 DE
545 328 703 380 UNITATE
723 327 929 378 uocausmn
950 327 1230 379 consecutum.

292 497 378 577 dam,
398 496 569 562 fautricem
587 495 794 561 Hildebranti
833 516 931 582 apae;
954 495 1047 558 cuius
1062 493 1183 561 seilicet
1198 497 1329 560 secretis
1351 518 1418 560 ser·

291 582 441 646 monibus
475 581 666 660 assuefacta,
706 601 746 643 ne
783 518 890 644 ultim
922 579 1053 666 quidem
1093 588 1200 664 potest
1242 582 1418 665 compesci,

291 664 502 730 muliebribus
530 665 623 728 liniis
645 666 806 745 instincta,
839 673 876 728 ut
905 684 1020 747 pacem
1050 685 1147 748 quam
1180 662 1301 730 bellum
1326 663 1419 729 malit

291 761 325 814 et
345 759 382 814 ut
402 749 499 814 rebus
521 751 587 813 suis
615 750 682 813 iam
703 770 806 833 usque
834 749 877 812 ad
899 747 1046 811 ultimum
1076 769 1159 832 pene
1189 749 1418 812 exterminium

292 833 456 918 dissipatis
472 833 639 897 consulere
653 831 741 912 velit,
760 853 834 894 eum
849 833 1004 896 hacteuus
1025 834 1097 916 ipsa
1111 832 1209 896 fuerit
1222 855 1301 918 prae
1326 843 1418 898 otens

292 917 422 998 divitiis,
445 927 557 1002 utpote
577 916 644 981 filia
662 915 823 981 Bonifacii
844 915 1048 980 marchionis.
1081 915 1196 1002 Neque
1209 938 1287 980 vero
1303 855 1419 982 l'etrus

292 1003 360 1066 sive
380 1001 503 1066 Paulus
525 1003 707 1066 doctrinam
729 1002 942 1067 contentionis
964 999 1167 1065 dictaverunt
1188 1022 1262 1064 cum
1277 999 1419 1066 mulieri-

293 1084 366 1167 bus,
388 1085 446 1150 sed
466 1107 549 1150 unus
570 1086 736 1172 praecepit
755 1085 920 1149 infirmum
934 1105 994 1147 vas
1008 1083 1166 1150 muliebre
1180 1095 1303 1148 castam
1325 1106 1419 1148 suam

131 1169 222 1214 ¹²⁰⁸*
231 1177 252 1246 ⁸2
262 1176 283 1217 ⁷·
294 1172 571 1235 conversationem
592 1170 627 1233 in
648 1170 762 1234 timore
784 1168 1010 1267 conspderare,
1035 1167 1116 1232 alter
1130 1191 1209 1233 vero
1232 1169 1328 1234 docet
1349 1191 1419 1234 mu-

187 1237 240 1350 ἐξ
242 1247 283 1338 ¹32
293 1253 388 1319 lieres
410 1277 444 1319 se
467 1277 580 1318 ornare
603 1275 677 1317 cum
691 1252 888 1317 vereauudra
909 1261 942 1316 et
962 1252 1145 1334 sobrietate,
1167 1263 1200 1318 et
1221 1254 1308 1339 quod
1325 1255 1420 1318 decet

294 1337 444 1404 mulieres
467 1340 620 1424 pietatem
642 1335 809 1423 perbona
831 1358 930 1423 opera
951 1339 1148 1422 promittere.
1192 1338 1288 1402 Nunc
1309 1349 1418 1402 autem

293 1423 386 1487 aliter
419 1421 557 1486 Mathild
588 1420 644 1486 illa
672 1422 821 1486 instituta
848 1431 922 1506 post
951 1430 1099 1485 octavum
1129 1443 1258 1509 quoque
1286 1443 1419 1503 annum,

293 1529 358 1592 quo
380 1506 549 1570 defunctus
571 1516 621 1569 est
641 1503 838 1570 Hildebraut
858 1503 1023 1568 familiaris
1045 1507 1114 1570 eius
1124 1519 1144 1586 ¹,
1174 1503 1317 1570 defendit
1345 1525 1420 1591 pro-

293 1591 424 1655 nissime
452 1599 565 1655 eontra
596 1589 706 1654 sedem
737 1589 949 1676 apostolicam
982 1600 1015 1652 et
1047 1602 1159 1654 contra
1189 1591 1419 1675 imperatorem

293 1685 419 1760 partem
445 1674 558 1760 ipsius,
592 1674 648 1760 qui
674 1685 810 1773 propter
836 1674 988 1759 frequens
1021 1694 1096 1737 cum
1128 1695 1167 1738 ea
1199 1685 1231 1739 et
1262 1672 1419 1738 familiare

294 1756 491 1843 colloquium
529 1767 698 1842 generavit
730 1757 879 1844 plurimis
913 1769 1068 1821 scaevae²
1106 1759 1298 1843 suspicionis
1330 1779 1421 1821 scan-

294 1842 414 1924 dalum,
444 1842 520 1907 dum
549 1863 615 1906 non
645 1841 829 1907 observavit
857 1842 1009 1907 attentius
1038 1841 1186 1906 divinum
1218 1841 1297 1906 illud
1325 1842 1420 1906 Lucii

295 1937 420 2013 papae³
453 1927 657 1991 mandatum:
689 1942 753 1994 Duo
782 1941 942 2008 presbyteri,
975 1925 1089 2010 inquit,
1122 1948 1147 1994 ct
1174 1951 1227 1994 tres
1255 1941 1362 1992 diaconi
1389 1941 1420 1991 in

295 2016 367 2069 omni
392 2017 447 2069 loco
474 2035 530 2068 non
557 2019 682 2070 deseram
707 2016 859 2082 episcopum
881 2023 995 2082 propter
1019 2014 1195 2068 testimonium
1217 2013 1315 2066 seilicet
1340 2015 1420 2066 eccls-

295 2099 440 2152 amaeam.
494 2086 609 2149 Posuit
646 2094 756 2149 autem
798 2081 991 2147 Hildebrant
1030 2093 1177 2169 partem·
1217 2104 1309 2146 suam
1344 2102 1420 2144 cum

295 2165 350 2230 illa
371 2165 504 2232 muliere
526 2169 646 2249 rixosa,
669 2176 704 2231 ut
749 2189 784 2230 er
804 2165 890 2230 hunc
934 2189 1041 2252 uoque
1070 2189 1184 2231 sexum
1213 2175 1421 2252 oppugnetur

295 2249 348 2314 vel
369 2249 507 2315 ecelesia
527 2251 579 2316 vel
606 2273 658 2316 res
679 2190 821 2335 publica.
866 2188 934 2314 sei
959 2250 1077 2316 dicitur
1098 2252 1129 2316 ei
1155 2272 1176 2314 a
1197 2250 1339 2314 Domino
1360 2271 1421 2334 per

153 2354 239 2406 aas,
249 2354 285 2396 ra.
296 2333 496 2398 Hieremiam
510 2335 711 2420 prophetam,
727 2335 818 2421 quia:
842 2333 882 2398 si
896 2336 932 2397 in
947 2336 1004 2398 m‘a
1019 2337 1086 2399 Dei
1101 2335 1311 2416 ambulasses,
1329 2334 1420 2399 babi-

296 2428 398 2482 tasscs
428 2423 539 2504 utique
568 2423 605 2484 a'u
627 2443 714 2504 paee
742 2442 844 2504 super
869 2428 1002 2482 terram.
1043 2419 1088 2484 Et
1114 2420 1231 2484 iterum
1259 2417 1300 2482 de
1345 2420 1420 2482 arti-

297 2503 424 2587 cipibus
453 2503 597 2568 eiusdem
624 2501 845 2582 Hildebranti,
877 2503 961 2568 inter
987 2524 1069 2588 quos
1099 2505 1197 2567 etiam
1223 2511 1298 2567 sunt
1358 2511 1422 2567 ort-

132 2588 417 2669 unae-samam,
439 2587 586 2654 homiues
608 2586 837 2653 crudelissimi:
860 2587 1018 2668 Fuerunt,
1046 2589 1161 2673 inquit,
1183 2589 1347 2652 nominati
1367 2585 1421 2651 itti

297 2673 430 2736 seientes
446 2672 571 2754 bedam,
593 2671 728 2758 ideoque
750 2695 817 2737 uon
837 2672 895 2736 bos
910 2672 1005 2756 clepit
1018 2673 1192 2752 Dominus,
1214 2693 1317 2754 neque
1331 2673 1422 2735 viam

298 2756 497 2841 disciplinas
512 2760 726 2838 inuenerunt,·
744 2779 810 2841 pro
835 2766 934 2836 terea,
950 2757 1004 2834 ait,
1016 2759 1197 2840 perierunt.
1227 2754 1319 2820 Sicut
1333 2755 1421 2818 enim

298 2839 532 2924 supradictum
547 2852 605 2923 est,
626 2843 783 2904 nominat-i
796 2841 807 2904 i
833 2840 840 2854 '
856 2840 1019 2925 principes
1034 2841 1136 2925 regui,
1157 2840 1257 2902 immo
1279 2839 1422 2904 destruc·

297 2932 382 2987 tores
413 2926 505 3008 regni
530 2926 695 3010 perierunt
725 2945 809 2988 anno
834 2924 926 2989 1090.
957 2923 999 2988 ab
1026 2925 1247 2988 incarnatione
1276 2923 1420 2988 Domini.

298 3007 363 3070 Hic
398 3029 502 3072 annus
535 3009 671 3093 insignis
705 3030 770 3095 quo
794 3030 835 3073 ue
864 3016 912 3072 est
943 3017 1047 3072 morte
1079 3007 1291 3072 Adelberonis
1323 3017 1421 3093 atque

297 3090 489 3155 Herimauni
518 3094 755 3178 episcoporum,
772 3031 823 3156 te
851 3091 969 3177 quibus
998 3092 1123 3156 dietum
1151 3102 1199 3156 est
1221 3103 1349 3191 supra⁴,
1380 3091 1422 3155 de

299 3172 417 3260 quibus
449 3177 545 3240 etiam
581 3175 693 3242 scribit
724 3187 853 3241 sanctus
886 3176 954 3240 Leo
991 3188 1112 3262 papst:
1153 3191 1227 3254 Nos,
1260 3178 1422 3262 1nquiens,

299 3263 394 3330 quibus
425 3264 573 3320 uiuentibus
603 3283 658 3318 non
686 3265 945 3329 communicavimus,
977 3267 1057 3318 etiam
1087 3264 1199 3318 mortuis
1227 3266 1421 3318 communicare

300 3364 354 3398 aon
377 3364 528 3414 possumus.
578 3334 648 3420 Ipsi
684 3334 816 3419 quidem
854 3337 1003 3398 exierunt
1041 3355 1083 3398 ex
1119 3330 1227 3411 nobis,
1259 3356 1325 3398 non
1362 3355 1422 3397 nos

137 3435 343 3489 1.10u.s‚1a.ex
378 3415 456 3500 illis,
484 3418 541 3482 sed
574 3441 640 3482 non
674 3428 764 3483 erant
794 3437 837 3480 ex
868 3415 979 3499 nobis,
1013 3418 1106 3504 quia,
1143 3421 1174 3482 si
1195 3415 1347 3500 fuissent
1381 3439 1423 3480 em

301 3500 395 3564 nobis
400 3549 410 3582 ,
441 3507 704 3587 permansissent
734 3504 846 3586 utique
880 3501 1063 3582 nobiscum,
1095 3503 1180 3566 sicut
1211 3499 1330 3570 dicitur
1364 3523 1425 3588 per

301 3582 477 3649 Iohannem
509 3585 701 3672 apostolum.
750 3584 847 3650 Unde
880 3593 912 3648 et
944 3583 1127 3671 Cyprianus
1160 3586 1354 3673 episcopus⁶
1387 3587 1423 3650 in

299 3665 382 3731 libro
405 3668 445 3732 (le
466 3669 673 3734 mortalitate:
700 3684 800 3748 Talem,
818 3669 932 3755 lanlt,
955 3691 979 3736 te
998 3685 1100 3738 iudicat
1115 3685 1257 3750 Dominus,
1277 3688 1382 3752 qualem
1397 3694 1422 3738 te

300 3765 408 3828 inuenit,
430 3783 488 3817 cum
506 3777 591 3820 uocat.
624 3767 754 3819 Unitatem
773 3767 850 3832 enim,
875 3753 952 3836 altf,
974 3769 1021 3834 qm'
1044 3787 1099 3820 non
1118 3778 1195 3833 tenet,
1214 3787 1269 3820 non
1287 3768 1378 3820 Patris
1397 3777 1423 3821 et

302 3884 325 3938 a)
341 3899 365 3937 p.
382 3897 434 3926 cum
451 3887 495 3926 llis
510 3897 576 3926 suam
594 3889 614 3927 l.

304 3984 330 4047 1)
345 3984 385 4032 Ex
398 3983 439 4034 his
449 3983 538 4032 verbis
553 3981 645 4048 colligi
658 3988 754 4049 potest,
765 3983 835 4034 haec
848 3999 874 4034 s.
887 3984 966 4034 1093.
981 3986 1082 4050 scripta
1095 3999 1163 4035 esse.
1213 3982 1243 4050 2)
1256 3986 1274 4036 i.
1286 4001 1311 4037 e.
1324 3986 1424 4036 ‘lisch-

301 4055 369 4106 tbeil
388 4054 536 4121 bringeud'‚
556 4071 609 4106 uon
628 4055 763 4108 ‘tbdrieht'
782 4062 812 4110 ut
824 4057 946 4108 Scbdbsr
963 4060 992 4108 in
1006 4057 1187 4124 disputatione
1205 4058 1353 4110 ‘Vorwiirfe
1368 4058 1424 4110 uud

302 4129 446 4194 Anklagen
471 4145 560 4196 gagen
586 4130 690 4196 Gregor
705 4131 768 4182 VII.
794 4147 843 4182 sus
868 4130 921 4181 deu
941 4129 1077 4182 Schriften
1101 4133 1190 4182 seiner
1211 4129 1424 4199 Zeitgsuossen',

303 4203 435 4254 Nordhas.
452 4201 530 4266 1873,
551 4221 578 4270 p.
596 4205 622 4254 4.
642 4204 706 4258 vult.
763 4203 1163 4272 3)Hinschiusl.c.p.1'lb.
1221 4207 1251 4273 4)
1272 4204 1423 4260 a.29.30‚
1533 4199 1535 4250 ἶ

304 4276 332 4338 ὅ)
352 4277 499 4328 Hinsohius
512 4277 531 4330 l.
545 4294 569 4328 o.
583 4295 609 4345 p.
620 4277 682 4329 617.
739 4277 768 4346 6)
789 4279 918 4346 Cypriani
931 4280 1022 4346 Opera
1034 4297 1061 4346 p.
1076 4278 1138 4333 308.
1196 4280 1423 4349 7)1bid.p.215.
1533 4337 1534 4350 ,
