3114 4814
334 325 384 376 DE
403 327 563 378 UNITATE
582 325 789 380 occursum
809 327 1087 380 CONSERVANDA.
1243 328 1278 379 95

156 499 291 552 iaculari
308 505 440 566 potestate
465 501 583 567 potuerit
603 507 713 567 praeter
735 499 860 554 ecclesium
883 502 1014 554 tramitem
1031 517 1146 567 prorsus
1168 501 1279 554 absolui.

158 573 312 636 Quantum¹
335 573 405 624 emim
424 574 461 626 acl
478 573 631 641 religionem
651 574 776 640 pertinet,
800 593 854 626 non
876 573 930 626 nisi
949 575 1109 641 apostolicae
1127 575 1186 626 secli
1202 575 1281 626 iuuta

158 663 272 700 canonos
291 646 402 698 debetur
421 647 500 698 totius
524 664 627 698 summm
645 647 749 713 iudicii,
773 655 903 714 quantum
927 656 1014 700 autem
1033 649 1071 699 ael
1089 649 1191 700 soeculi
1203 655 1280 714 pote-

159 727 259 784 statem,
278 720 348 772 ittae
362 737 380 770 a
386 718 557 788 pontificibus
576 728 600 773 et
607 721 755 789 praecipue
774 740 792 772 a
805 723 875 775 beati
886 721 960 774 Petri
972 722 1074 775 vicario
1093 722 1168 774 debet
1185 738 1280 790 copno·

161 811 230 845 scere
258 810 327 859 puae
352 792 447 845 ‹lioina
474 801 544 858 sunt,
569 811 623 845 non
649 796 741 847 cadom
765 794 896 860 iudicare,
920 813 968 847 mec
991 795 1043 846 sibi
1067 795 1115 847 ltoc
1140 794 1282 861 quisquam

154 865 355 934 potentissimus
379 866 489 931 soeculi,
513 865 560 933 qui
584 876 672 930 tamen
697 869 859 921 christianus
889 876 934 932 eet,
958 867 1101 922 vendicare
1121 868 1282 935 proesumit.

158 935 203 999 Et
228 933 315 998 idem
347 933 518 999 Gelasius²
548 944 661 1000 contra
688 935 848 1017 Acutium,
880 936 979 1000 immo
1012 945 1124 1000 contra
1155 957 1282 999 omnem

158 1018 358 1165 episcopum,
387 1019 443 1104 qui
471 1017 594 1104 aliquid
623 1021 780 1086 eiusmodi
805 1030 941 1106 usurpat
968 1019 1031 1084 sibi
1060 1030 1171 1084 contra
1197 1019 1283 1083 sedis

160 1110 275 1186 aposto
288 1104 357 1168 icae
379 1103 561 1168 decretum:
591 1118 655 1170 Oum
674 1128 779 1184 constet,
797 1137 899 1187 semper
916 1119 986 1172 seclis
1006 1119 1164 1185 apostolicae
1182 1116 1281 1169 iudicio

161 1191 315 1244 huiusmodi
338 1211 470 1258 personas
494 1200 542 1244 cut
567 1193 701 1245 discussas
727 1211 781 1246 esse
809 1195 852 1246 ool
871 1202 1005 1261 purpatas
1029 1201 1077 1244 aut
1100 1192 1137 1243 sic
1162 1191 1195 1242 ab
1220 1190 1281 1242 aliis

162 1265 258 1330 quibus
277 1267 434 1332 competebat
452 1267 581 1333 episcopis
601 1267 745 1331 absolutas,
765 1272 894 1319 attamen
907 1267 1036 1318 absolutio
1055 1281 1148 1318 earum
1166 1263 1282 1316 asseclis

163 1339 323 1404 apostolicae
348 1341 516 1392 consensione
539 1340 673 1406 penderet,
700 1341 747 1391 ubi
771 1343 911 1406 utrumque
929 1339 1053 1406 defuerit,
1072 1355 1120 1390 nec
1139 1337 1281 1390 discussio·

163 1428 225 1462 nem
247 1413 389 1480 lepitimam
413 1431 461 1466 mcc
480 1414 669 1482 purgationem
679 1415 789 1479 firmam
808 1431 839 1465 ac
855 1431 906 1480 per
924 1413 972 1465 boc
990 1411 1163 1478 receptionem
1182 1419 1282 1462 constat

156 1494 247 1560 fuisse
265 1495 418 1548 indebitam.
452 1495 521 1548 Ecce
545 1496 651 1549 interim
674 1495 704 1546 in
723 1497 772 1561 tis,
797 1482 931 1567 inquii⁸,
954 1513 1038 1548 causa
1055 1503 1144 1549 uestra
1162 1501 1240 1544 nutat
1259 1501 1283 1545 ot

164 1576 273 1640 labitur,
299 1586 322 1629 et
348 1577 372 1630 si
396 1579 461 1630 haec
489 1578 547 1630 solo
575 1579 617 1642 sit,
635 1595 751 1646 prorsus
779 1588 834 1631 toto
859 1579 1006 1631 subruitur.
1043 1561 1146 1628 Nobis
1174 1569 1283 1624 autem

163 1645 236 1707 ausi
262 1655 336 1709 sunt
361 1667 521 1710 canonum
547 1647 653 1712 facere
681 1647 886 1728 mentionem,
915 1655 1026 1712 contra
1055 1669 1135 1733 quos
1156 1667 1284 1730 semper

162 1727 405 1812 ambitionibus,
419 1752 487 1794 sem
513 1752 548 1794 er
560 1729 680 1794 illicitis
695 1731 840 1795 effecisse
855 1731 1044 1796 excessibus
1058 1741 1285 1810 monstrantur,

163 1817 272 1897 immo,
289 1813 316 1877 si
328 1835 428 1878 causa
442 1753 553 1878 aulem
567 1813 662 1878 latius
677 1816 866 1901 inquiratur,
888 1825 995 1880 tantae
1010 1813 1076 1879 illio
1091 1812 1285 1899 tragoediae,

162 1898 244 1963 tanti
272 1899 477 1984 reperiuntur
503 1919 637 1981 errores,
664 1908 709 1981 ut,
732 1900 760 1964 si
780 1901 843 1986 ipsi
866 1901 930 1964 sint
950 1899 1072 1966 iudices
1096 1899 1151 1986 qui
1172 1897 1286 1963 eadem

163 1991 400 2069 perpetrarunt,
431 2004 505 2046 cum
527 1983 691 2049 evidenter
712 1983 831 2048 fuerint
852 1985 1018 2066 confutati,
1039 2003 1059 2046 a
1082 1983 1134 2046 sui
1156 1981 1286 2045 damna-

164 2067 253 2131 tione
274 2089 341 2130 non
361 2076 549 2153 temperent.

250 2151 301 2217 27.
344 2151 448 2236 Igitur
475 2174 540 2216 non
566 2149 641 2217 lieet
672 2150 770 2216 alicui
798 2151 971 2218 christiano
1001 2149 1149 2216 occidere
1178 2171 1287 2236 quem-

166 2255 274 2320 quam,
303 2236 402 2299 immo
430 2259 491 2301 neo
514 2235 630 2318 odisse,
654 2237 807 2323 quoniam
829 2237 951 2302 iustitia
972 2235 1217 2300 Pharisaeorum
1240 2240 1289 2298 est

165 2341 232 2382 non
248 2319 405 2400 occidere,
428 2342 494 2384 non
509 2322 665 2407 peierare,
689 2321 762 2386 sed:
784 2321 887 2386 Amen
903 2322 975 2386 clico
990 2321 1091 2402 uobis,
1112 2319 1158 2383 ait
1174 2317 1287 2382 Domi·
1298 2314 1419 2416 {⁸12³ae

162 2419 237 2485 nus,
259 2403 350 2490 quia,
366 2406 436 2469 nisi
451 2405 670 2471 abundaverit
684 2407 816 2470 iustitia
831 2416 936 2471 uestra
952 2404 1034 2490 plus
1049 2427 1148 2490 quam
1162 2402 1286 2467 scriba·
1312 2403 1318 2428 ’
1358 2405 1363 2415 '
1403 2403 1410 2417 '

168 2510 243 2551 rum
270 2497 298 2551 ct
318 2487 584 2569 Pharisaeorum,
611 2512 678 2553 non
706 2490 873 2554 intrabitis
894 2492 931 2553 in
952 2511 1092 2575 repnum
1114 2486 1287 2550 caelorum.

168 2569 213 2635 Et
227 2569 269 2636 ad
282 2572 351 2636 Noe
370 2581 466 2660 atque
480 2571 523 2637 ad
541 2571 724 2637 filiuseius:
749 2571 815 2647 Qui
829 2597 844 2638 o
870 2574 989 2654 aderit,
1009 2573 1125 2658 inquit,
1148 2594 1219 2651 son,
1235 2571 1286 2633 ui·
1298 2599 1357 2641 mn,
1367 2599 1418 2650 ic.

168 2679 240 2720 nem
266 2657 417 2739 bominis,
441 2680 508 2744 pro
531 2659 697 2742 sanquine
725 2659 795 2722 cius
820 2679 835 2719 e
862 2658 1006 2720 unietur
1026 2657 1166 2741 sanquis
1187 2593 1286 2717 illius.

168 2739 287 2804 Anima
309 2742 430 2827 quippe
453 2741 557 2806 omnis
580 2741 686 2804 carnis
709 2751 759 2805 est
779 2741 997 2826 insanguine.
1032 2738 1175 2824 Ideoque
1190 2737 1308 2802 etiam⁰

167 2824 317 2970 ‹puisquis
363 2847 398 2888 er
420 2824 609 2890 scandalum
632 2826 700 2889 sive
721 2827 931 2911 perversitate
952 2823 1117 2888 doctrinae
1140 2819 1289 2886 effuderit

165 2907 247 2971 ilud
268 2847 375 2989 vitaib,
399 2931 463 2995 quo
485 2909 580 2974 homo
601 2919 780 2996 vegetatur,
802 2909 884 2974 vivit
904 2919 936 2973 et
958 2915 1163 2988 sustentatur,
1185 2905 1220 2968 in
1237 2903 1290 2969 die

167 2992 281 3056 iudicii
296 2993 476 3058 effundetur
495 2994 537 3058 ab
553 3015 605 3076 θος
628 2994 688 3059 hoc
710 3003 768 3076 est,
791 2992 876 3080 quod
900 2993 963 3058 sibi
976 2991 1149 3056 videbatur
1169 2987 1289 3053 habere

167 3075 275 3157 vitale,
306 3087 439 3162 cogetur
465 3079 621 3143 amittere.
665 3079 754 3164 Ergo
781 3101 840 3164 per
860 3087 964 3143 totum
984 3076 1051 3141 fere
1078 3074 1139 3139 hoc
1160 3084 1289 3174 tempus

167 3161 343 3225 memoriae
376 3171 504 3227 nostrae
541 3162 715 3228 effunditur
747 3164 878 3248 sanguis
913 3161 1079 3226 hominum
1111 3177 1170 3246 per
1200 3177 1289 3222 viros

168 3245 371 3330 sanguinum,
393 3247 479 3333 quod
497 3247 534 3311 fit
554 3249 728 3334 praecipue
751 3269 793 3311 ex
813 3248 966 3312 instinctu
984 3246 1212 3331 episcoporum
1233 3239 1290 3304 ad·

167 3351 281 3394 versae
302 3331 412 3416 partie,
434 3342 471 3396 ut
490 3333 555 3396 iam
577 3333 822 3397 manifestentur
843 3354 944 3416 opera
965 3331 1089 3408 earnis,
1112 3348 1196 3412 quae
1214 3333 1291 3389 sunt

168 3417 375 3496 inimicitiae,
405 3419 635 3497 contentiones,
663 3417 904 3496 aemulationes,
928 3417 1012 3492 irae,
1033 3414 1140 3493 rinae,
1162 3411 1289 3474 dissen-

169 3501 289 3582 siones,
318 3509 431 3581 sectae,
461 3502 598 3582 boreses,
625 3502 784 3581 inuidiae,
814 3499 993 3565 homicidia
1023 3505 1052 3560 et
1080 3496 1133 3560 bis
1154 3492 1289 3573 similia,

170 3607 255 3670 quae
275 3584 431 3669 praedico
454 3585 554 3667 uobis,
575 3585 620 3648 ait
641 3583 815 3670 apostolae,
837 3586 920 3648 sieut
936 3581 1110 3667 praedixi,
1133 3578 1290 3664 quoniam
1301 3564 1396 3666 {id-{1

192 3671 230 3733 ui
260 3669 343 3732 talia
377 3679 484 3754 apunt
509 3693 647 3756 repnum
676 3671 742 3734 Dei
767 3691 835 3732 non
863 3675 1109 3752 consequentur.
1153 3663 1291 3748 Propter

169 3692 251 3817 baec
273 3751 517 3839 comprimenda
538 3752 734 3818 sacerdotale
754 3751 922 3832 iudicium,
944 3749 1031 3838 quod
1045 3757 1193 3814 cruentas
1207 3745 1291 3811 refu·

169 3837 219 3922 git
238 3835 385 3920 ultiones,
407 3839 526 3904 severis
542 3837 786 3902 christianorum
808 3837 993 3924 principum
1010 3829 1291 3898 constitutionibus

1309 2731 1404 2775 tneut.

1318 2790 1391 2842 reas.

171 4063 195 4117 ι)
211 4066 244 4107 ue
260 4066 319 4118 σιω
334 4068 376 4108 me
393 4069 413 4110 1.

173 4265 200 4328 ι)
218 4264 296 4317 rna
316 4265 339 4330 1,
358 4281 385 4332 p.
405 4262 467 4316 ser.
542 4260 572 4329 a)
590 4263 661 4317 ua.
680 4280 706 4331 p.
720 4260 784 4314 ear.
858 4261 889 4328 s)
908 4262 978 4317 urs.
997 4281 1024 4332 p.
1043 4261 1108 4315 ras.
