3114 4814
318 377 371 426 110
512 375 562 426 DE
581 373 741 426 UNI'I’ATE
761 372 966 426 nocensne
987 373 1262 425 CONSERVANDA.

318 563 414 629 quam
436 542 607 607 distractus
628 553 676 606 est
697 563 717 605 a
738 540 885 606 custodia
905 541 1016 606 matris
1038 563 1125 622 suae,
1153 539 1327 605 celebravit
1351 551 1443 607 nata-

241 628 379 698 roe4,lem
410 626 543 692 Domini
574 625 752 707 Goslariae,
786 625 842 690 ubi
871 627 954 691 inter
987 625 1204 690 cubicularios
1234 626 1379 712 episcopi
1408 635 1450 690 et

316 710 444 777 abbatis
467 719 622 776 certatum
645 719 694 775 est
714 711 834 797 pugnis
856 719 952 859 atrpue
968 709 1126 774 scamellis
1147 731 1207 796 pro
1229 709 1338 774 herilis
1352 710 1444 774 sedis

304 797 486 885 positione,
509 817 582 860 cum
605 792 650 857 illi
672 793 837 859 vindicare
858 815 899 858 vo
912 796 1034 859 uissent
1056 796 1211 882 episcopo
1238 816 1297 858 suo
1319 795 1442 879 princi-

315 901 390 968 pem
415 879 521 944 locum
550 880 642 943 iuxta
670 877 881 964 Moguntinae
910 877 1066 944 ecclesiae
1093 880 1282 966 episcopum
1307 879 1341 942 in
1364 900 1442 943 con·

315 974 414 1030 ventu
441 967 550 1049 regiae
580 963 731 1029 sessionis
759 965 793 1027 in
820 961 954 1028 ecclesia
981 971 1113 1048 propter
1135 961 1343 1048 privilegium
1365 986 1439 1050 par·

314 1048 444 1114 rochiae
471 1069 547 1112 suae
560 1061 580 1130 ¹,
607 1049 661 1112 isti
689 1057 796 1112 autem
824 1057 934 1112 contra
960 1047 1091 1113 tendere
1112 1058 1244 1134 propter
1264 1049 1443 1133 primatum

315 1131 487 1198 Fuldensis
514 1131 695 1196 ebbauaea.
737 1131 781 1196 Et
809 1140 886 1196 tuno
908 1131 1039 1218 quidem
1061 1133 1095 1196 in
1116 1144 1183 1196 tam
1205 1141 1330 1196 sacrata
1351 1131 1440 1196 festi-

315 1219 413 1283 vitate
434 1217 610 1281 nativitatis
624 1216 759 1280 Domini
781 1225 937 1280 certatum
959 1225 1016 1299 est,
1038 1217 1123 1280 sicut
1144 1216 1295 1297 diximus,
1317 1217 1445 1301 pugnis

242 1312 414 1388 rosaatque
446 1299 614 1380 scamellis,
649 1299 765 1364 deinde
797 1322 874 1364 vero
906 1301 940 1363 in
973 1309 1156 1385 pentecoste
1185 1323 1236 1365 res
1266 1299 1443 1386 gerebatur

315 1386 442 1472 gladiis,
472 1406 545 1449 cum
572 1385 719 1470 utrique³
749 1394 782 1448 et
806 1406 824 1447 e
850 1385 980 1470 iscopus
1006 1394 1038 1448 et
1059 1384 1160 1449 abbas
1182 1405 1307 1449 summo
1330 1385 1440 1450 studio

316 1493 350 1535 se
381 1478 627 1555 praeparassent
658 1468 700 1531 ad
733 1476 811 1532 tucn
835 1490 891 1531 um
924 1468 1075 1532 sessionis
1105 1491 1182 1533 suae
1210 1468 1328 1551 lo'cum,
1362 1491 1438 1533 con-

315 1554 425 1619 tractis
447 1553 590 1638 undique
611 1550 720 1616 multis
742 1551 935 1617 mihtaribus
950 1553 1038 1618 viris.
1071 1553 1151 1618 Erat
1173 1555 1258 1618 enim
1281 1564 1440 1639 exparte

315 1638 461 1724 episcopi
493 1637 600 1701 senior
627 1634 680 1700 ille
706 1636 879 1722 Egbertus,
909 1635 950 1700 de
1000 1659 1042 1701 uo
1072 1659 1171 1724 supra
1193 1637 1352 1720 diximus3
1382 1641 1440 1724 qui

314 1734 606 1807 praeoccupaverat
623 1719 790 1786 ecclesiam
812 1723 966 1786 maiorem
1016 1719 1152 1786 oslariae
1175 1743 1249 1786 oum
1271 1724 1338 1786 suis
1352 1725 1438 1810 pari-

315 1817 365 1872 ter
391 1815 423 1870 et
450 1805 596 1892 episcopi
622 1803 788 1888 militibus,
818 1817 850 1872 et
877 1807 961 1871 inter
987 1805 1181 1892 pulsandum
1203 1806 1245 1870 ad
1266 1827 1439 1894 vesperam

205 1891 349 1954 remrein
370 1890 482 1976 vigilia
502 1899 704 1976 pentecostes
726 1890 947 1956 consonabant
966 1893 1086 1976 pariter
1106 1891 1332 1956 tumultuariae
1355 1891 1437 1956 sedi·

315 1977 427 2040 tiones.
470 1973 756 2060 Perrumpentibus
784 1976 870 2039 enim
902 1976 986 2040 intra
1018 1975 1185 2040 ecclesiam
1217 1974 1441 2040 Fuldensibus

315 2061 355 2126 ad
383 2059 541 2124 auxilium
569 2061 739 2140 sociorum,
768 2057 885 2144 quibus
914 2061 979 2123 iam
1009 2059 1197 2124 imminebat
1217 2061 1329 2124 mortis
1350 2061 1436 2145 peri-

316 2143 432 2225 culum,
454 2165 513 2228 pro
529 2143 633 2206 nefas!
657 2142 750 2206 multi
763 2143 838 2206 hino
858 2143 933 2208 inde
949 2145 1047 2207 occisi
1069 2144 1239 2208 foedavere
1261 2143 1359 2208 caede
1375 2165 1439 2208 sua

315 2229 470 2313 templum
502 2227 567 2292 Dei
602 2235 634 2290 et
668 2226 766 2291 altare
801 2227 865 2291 Dei
873 2236 897 2291 ⁴.
942 2227 1112 2292 Eiusmodi
1146 2249 1224 2292 vero
1259 2227 1435 2313 impIetatis

316 2311 412 2376 simul
447 2321 479 2375 et
515 2309 712 2375 crudelitatis
748 2319 973 2377 testamentum
1009 2311 1202 2378 hereditavit
1240 2311 1292 2377 ille
1328 2312 1437 2377 senior

316 2395 480 2480 Egbertus
502 2417 599 2481 super
620 2395 779 2459 iuniorem
800 2394 988 2481 Egbertum,
1011 2396 1112 2460 filium
1136 2418 1245 2478 suum3
1275 2397 1327 2462 cui
1349 2397 1434 2460 enim

315 2482 376 2545 iste
402 2488 558 2565 parceret,
581 2480 637 2566 qui
658 2490 795 2566 cognato
822 2502 880 2544 suo
902 2481 974 2566 regi
994 2479 1158 2546 Henricho
1187 2502 1253 2545 non
1279 2482 1434 2568 pepercit,

316 2587 413 2652 quem
435 2564 501 2628 vita
521 2565 643 2650 pariter
669 2575 701 2630 et
727 2586 827 2649 regno
855 2566 985 2651 privare
1006 2563 1132 2630 voluit?
1174 2565 1279 2650 Saepe
1302 2563 1434 2652 quidem

315 2650 376 2714 iste
404 2649 512 2712 iunior
539 2648 702 2734 Egbertus
732 2659 843 2714 contra
870 2672 980 2736 regem
1008 2650 1197 2730 coniuravit,
1220 2671 1317 2735 saepe
1339 2651 1435 2716 etiam

316 2755 387 2799 sese
413 2755 433 2797 a
463 2734 700 2798 coniuratorum
729 2735 879 2799 societate
906 2735 947 2799 ad
978 2756 1086 2820 regem
1116 2735 1272 2798 convertit
1297 2743 1329 2798 et
1349 2755 1436 2798 nunc

315 2817 429 2883 harum
450 2839 536 2882 nunc
557 2817 684 2881 illarum
706 2819 846 2903 partium
868 2817 937 2882 fuit
969 2818 1058 2882 Ecce
1072 2819 1157 2882 enim
1179 2828 1251 2903 post
1264 2817 1434 2902 praelium,

316 2903 403 2988 quod
416 2913 541 2986 gestum
557 2924 628 2967 esse
649 2903 792 2966 diximus
812 2903 846 2966 in
869 2903 1035 2988 episcopio
1047 2901 1319 2986 Wirziburgensis
1335 2901 1437 2966 eccle-

316 2987 392 3068 siae,
419 2984 477 3049 ubi
505 2985 590 3051 idem
619 2986 781 3070 Egbertus
807 2986 929 3071 primus
951 2997 1020 3050 erat
1046 2986 1086 3050 de
1108 2984 1309 3072 principibus
1332 2985 1436 3051 Saxo·

314 3071 397 3152 niae,
418 3078 493 3155 post
514 3070 575 3133 hoc
594 3091 671 3134 vero
694 3070 869 3156 imperator
890 3069 1074 3134 Henrichus
1095 3071 1227 3135 intravit
1248 3091 1321 3134 cum
1344 3093 1437 3136 exer·

316 3155 382 3218 citu
408 3175 466 3239 per
486 3153 698 3239 Thuringiam
720 3155 754 3216 in
777 3154 986 3235 Saxoniam⁵,
1009 3154 1075 3236 ubi,
1097 3177 1172 3218 cum
1193 3176 1258 3218 non
1279 3155 1438 3220 auderent

316 3237 462 3304 Saxones
494 3248 592 3326 atque
624 3237 782 3324 Thuringi
814 3238 929 3304 offerre
960 3240 991 3302 ei
1023 3240 1224 3304 occasionem
1256 3239 1435 3325 pugnandi,

314 3332 382 3388 tum
413 3321 544 3409 quidem
564 3321 729 3408 Egbertus
751 3323 904 3404 marchio,
933 3333 1045 3409 utpote
1067 3324 1218 3409 princeps
1240 3323 1336 3388 huius
1358 3347 1434 3410 quo·

316 3430 378 3494 que
399 3405 485 3490 belli,
506 3407 712 3472 iureiurando
734 3407 881 3494 promisit
901 3408 1096 3494 imperatori,
1124 3416 1169 3488 ut,
1194 3411 1222 3472 si
1243 3407 1340 3473 vellet
1360 3408 1436 3472 inde

315 3494 492 3558 exercitum
519 3491 682 3573 reducere,
713 3513 783 3556 sese
805 3490 999 3556 deditionem
1021 3491 1181 3557 facturum
1204 3514 1284 3575 esse,
1306 3493 1340 3556 in
1362 3492 1433 3557 loco

315 3575 437 3640 scilicet
462 3576 694 3645 Herosfeldiae.
739 3576 874 3641 Factum
908 3585 955 3642 est
987 3577 1041 3659 ita,
1068 3587 1100 3641 et
1127 3575 1234 3642 adhuc
1262 3578 1353 3642 testis
1386 3585 1435 3640 est

314 3659 527 3759 Herosfeldia,
550 3660 637 3746 quod
651 3661 697 3726 ibi
711 3660 874 3760 Egbertus
895 3660 1037 3725 marchio
1052 3661 1231 3760 supplicem
1247 3683 1281 3726 se
1296 3663 1433 3746 impera·

314 3752 377 3807 ton
392 3742 516 3824 obtuht,
533 3746 620 3830 quod
635 3745 664 3810 ei
678 3745 774 3810 fidem
796 3755 977 3811 iuramento
990 3755 1147 3831 prom1s1t,
1167 3743 1254 3830 quod
1268 3745 1433 3810 marcham

316 3905 345 3975 1)
372 3908 553 3959 coustitutum
580 3915 645 3972 erat,
671 3915 700 3960 ut
720 3911 796 3960 cuius
816 3909 944 3976 deinceps
963 3912 992 3960 in
1010 3911 1153 3976 parrochie
1171 3925 1218 3960 rex
1238 3915 1317 3970 esset,
1337 3911 1360 3960 is
1380 3925 1433 3959 non
1543 3905 1548 3929 ‘

314 3981 401 4034 solum
427 3981 538 4032 tutelam
558 3983 638 4048 regis,
659 3982 707 4033 ssd
733 3984 823 4034 omnia
841 3985 991 4050 susciperet
1009 3984 1119 4047 negotia
1143 3999 1212 4050 quae
1237 3985 1272 4034 ad
1292 3984 1432 4050 impertum

314 4057 487 4124 pertinerent.
580 4055 610 4122 2)
638 4057 764 4121 Dignitas
792 4058 920 4124 primatus
950 4058 1067 4108 omnium
1097 4057 1223 4107 abbatum
1252 4056 1433 4107 Pnldensibus

315 4146 385 4181 anno
406 4129 467 4182 968.
487 4129 521 4180 ab
541 4129 662 4182 Iohanne
677 4130 757 4182 XIII.
776 4146 848 4197 papa
867 4129 967 4182 tradita
985 4137 1034 4182 est.
1109 4127 1138 4195 3)
1158 4130 1317 4182 Lambertus
1337 4130 1433 4180 Wese-

313 4203 398 4254 linum
417 4203 504 4256 solum
524 4205 645 4258 consulto
665 4220 740 4255 arma
759 4206 793 4258 ad
814 4221 931 4272 pugnam
950 4219 1060 4272 parasse
1079 4203 1170 4255 tradit,
1252 4203 1282 4270 4)
1302 4203 1343 4255 of.
1362 4217 1433 4268 quae
1479 4199 1485 4209 ’

314 4276 474 4330 Lambsrtus
500 4277 534 4329 de
559 4278 607 4331 illo
634 4279 779 4330 conamine
806 4284 833 4330 et
851 4279 885 4329 de
905 4283 1017 4329 cruenta
1034 4292 1124 4345 pugna
1149 4278 1167 4329 l.
1188 4293 1212 4327 c.
1238 4293 1265 4343 p.
1288 4277 1349 4328 163.
1371 4275 1433 4328 164.

314 4351 417 4402 scribit.
500 4349 530 4417 5)
549 4353 580 4404 A.
601 4351 682 4402 108⁷.
1483 4365 1488 4376 ·
