3116 4822
281 390 316 439 52
472 386 522 436 DE
543 386 700 438 UNITATE
721 385 925 437 nocensne
946 385 1220 438 CONSERVANDA.

131 563 380 636 10h‚15‚33,loeatus
399 579 457 614 eam
476 560 558 625 uobis,
577 569 606 612 at
625 561 654 610 in
674 578 714 612 me
730 578 823 626 paoem
843 559 977 619 habeatis5
996 559 1025 610 ia
1037 559 1085 610 boe
1098 566 1185 611 autem
1197 559 1296 611 mando
1316 559 1400 610 triba-

279 637 402 688 lationem
421 635 557 698 habebitis,
582 635 629 686 sed
648 635 776 701 confidite,
796 634 862 699 qnia
880 650 926 700 epo
945 631 998 685 vici
1016 631 1161 684 mandam‘.
1202 633 1277 694 Qaae
1291 633 1398 699 pollici-

278 710 389 762 tationes
412 709 478 776 qm‘a
503 710 559 760 aiae
585 708 666 760 dabie
685 709 844 774 manifestae
864 713 934 770 sant,
953 705 1034 756 nattis
1053 706 1175 758 debemus
1196 707 1331 758 scandalis
1357 707 1398 758 in·

269 783 386 849 firmari,
407 800 440 834 ae
460 781 579 835 electioni
596 781 649 832 Dei
667 781 810 834 videamur
827 780 936 846 impacti,
957 778 1033 830 caiae
1052 786 1106 830 tam·
1121 779 1242 845 potentia
1261 787 1323 830 eant
1349 781 1398 830 ael·

276 866 383 927 icaria,
398 882 478 931 qaam
492 881 557 918 aaa
569 871 632 915 eant
640 863 782 930 pomnen.
812 847 902 911 Haec
919 856 950 911 et
965 847 1121 911 eiusmodi
1137 847 1223 911 dicta
1236 848 1357 932 pariter
1367 857 1400 912 et

275 934 361 998 faeta
381 933 468 997 beati
482 931 601 996 Leonis
622 953 727 1018 papae
749 932 777 995 si
792 932 864 1017 quis
881 930 1051 1015 diligenter
1065 929 1209 1012 attendit,
1232 931 1398 996 conferens

277 1018 373 1082 etiam
388 1018 422 1080 in
437 1016 533 1081 corde
549 1036 616 1096 suo,
662 1037 723 1080 uae
738 1015 887 1079 dominus
902 1016 993 1080 Iesus
1007 1017 1041 1078 in
1056 1013 1223 1099 euangelio
1237 1015 1350 1080 feeerit
1366 1027 1399 1080 et

277 1102 433 1182 docuerit,
469 1123 519 1165 ers
545 1101 621 1166 iciet
631 1037 735 1186 piane,
747 1099 921 1165 ,ecclesiam
931 1099 995 1164 Dei
1005 1121 1092 1163 nunc
1107 1121 1234 1186 quoque
1248 1104 1399 1186 temptari

30 1241 31 1258 ,
277 1123 509 1271 multiplicibus
517 1123 677 1249 lleresium
686 1182 858 1266 erroribus,
871 1185 1036 1270 quoniam:
1051 1184 1398 1268 Oportethereaeeeeae,

30 1287 31 1350 j
116 1280 313 1343 mensurant
327 1281 356 1333 et
396 1271 503 1334 roboti
517 1267 688 1354 manifesti
701 1267 793 1350 fiaat
813 1271 850 1332 in
866 1269 965 1349 cobis,
987 1267 1066 1332 dicit
1080 1267 1200 1333 Paulus
1222 1269 1397 1354 apostolus.

362 1293 393 1418 d
419 1353 466 1416 Er
490 1352 715 1416 oHildebrant
726 1351 830 1416 dietus
841 1373 928 1438 papa
939 1353 1102 1416 Romanae
1112 1351 1267 1418 ecclesiae
1279 1352 1398 1418 disces·

277 1438 328 1518 sit,
343 1438 442 1502 immo
464 1376 548 1522 lbgit
561 1435 602 1500 ab
619 1436 755 1501 ecclesia
769 1459 807 1500 ea
821 1437 994 1534 praecipue
1010 1458 1115 1516 causa,
1138 1449 1174 1501 ut
1195 1458 1260 1501 non
1275 1437 1399 1502 videret

277 1521 328 1587 vel
356 1520 572 1606 alloqueretur
599 1542 710 1605 regem
731 1519 940 1602 Henrrchum,
970 1520 1057 1606 quod
1079 1531 1111 1584 et
1131 1521 1276 1586 fecerunt
1297 1523 1397 1607 partis

277 1607 347 1671 eius
369 1607 479 1691 episeo
505 1605 525 1686 i,
548 1615 706 1690 quotquot
726 1625 790 1668 non
812 1613 986 1690 pot-uerunt
1008 1605 1212 1690 episcopatus
1243 1629 1317 1670 suos
1339 1630 1398 1692 per

277 1693 343 1754 vim
365 1700 398 1754 et
412 1711 471 1775 per
481 1626 603 1754 bellum
619 1689 763 1774 optinere
784 1699 895 1753 contra
910 1688 1049 1754 eundem
1063 1710 1173 1774 regem
1187 1689 1399 1774 Henriehum,

278 1773 540 1860 blasphemantes
569 1775 603 1836 in
630 1795 668 1839 eo
696 1795 761 1838 non
790 1771 892 1837 solum
918 1773 1091 1854 hominem,
1122 1783 1300 1839 creaturam
1323 1775 1397 1858 Dei,

279 1858 336 1923 sed
366 1859 463 1923 etiam
489 1856 722 1923 ordinationem
749 1855 823 1940 Dei,
854 1858 1006 1944 quoniam
1034 1858 1153 1922 omissa
1180 1858 1296 1944 singuli
1330 1861 1397 1923 sive

278 1965 336 2041 per
358 1943 593 2008 contentionem
615 1952 739 2007 retenta
753 1964 811 2006 sua
826 1941 979 2027 pastorali
994 1965 1072 2006 eura
1086 1943 1275 2027 refugerunt
1288 1943 1397 2008 videre

278 2051 311 2090 1n
339 2037 517 2092 memorato
548 2048 624 2112 rege
651 2027 824 2107 hominem,
857 2038 1036 2091 creaturam
1064 2025 1138 2108 Dei,
1167 2037 1199 2092 et
1229 2026 1399 2092 noluersmt

278 2111 416 2176 subiecti
438 2133 509 2174 esse
532 2111 635 2175 eidem
656 2112 725 2196 regi
752 2111 846 2196 quasi
867 2109 1072 2196 praecellenti
1097 2113 1189 2176 iuxta
1210 2113 1396 2176 mandatum

117 2205 375 2280 remaneatque
403 2194 583 2258 doctrinam
603 2195 693 2258 Petri
721 2193 869 2280 apostoli,
896 2195 1079 2260 resistentes
1102 2195 1165 2260 Dei
1195 2195 1396 2276 ordinationi,

302 2280 433 2342 uoniam
467 2279 653 2342 restiterunt
686 2279 716 2342 ei
749 2299 831 2364 quae
858 2299 878 2340 a
906 2279 978 2342 Deo
1007 2287 1055 2343 est
1086 2283 1248 2378 potestati.
1305 2279 1395 2361 Inde,

131 2300 396 2437 r0m1³‚s.livinis
411 2361 622 2448 humanisque
638 2361 764 2448 legibus
779 2360 982 2447 posthabitis
1005 2375 1112 2450 coeprt
1133 2364 1221 2449 apud
1239 2362 1398 2430 eiusmodi

280 2448 447 2532 episcopos
463 2469 532 2512 esse
546 2445 702 2532 palatium
717 2457 812 2532 atque
828 2447 932 2529 curia3
956 2457 988 2512 et
1007 2469 1026 2509 a
1040 2446 1122 2513 faeie
1137 2470 1247 2512 eorum
1269 2470 1398 2534 egressa

116 2553 269 2606 erasmo.
280 2540 329 2594 est
343 2541 409 2596 tam
425 2531 562 2596 erudelis
579 2532 745 2614 sententia,
767 2540 803 2595 ut
821 2529 930 2596 dicant
944 2529 1064 2596 malum
1085 2531 1207 2596 bonum
1230 2543 1262 2598 et
1275 2533 1398 2597 bonum

280 2613 410 2697 malurn,
432 2615 665 2701 praedicantes,
687 2615 799 2681 beatos
821 2638 891 2681 esse
915 2617 970 2714 qui
991 2637 1050 2702 pro
1096 2628 1163 2681 arte
1186 2616 1398 2682 Hildebrandi

155 2725 222 2777 saa,
233 2724 268 2764 rr.
279 2698 399 2764 faciant
425 2699 556 2785 proelia,
587 2701 758 2766 seditiones
787 2710 820 2765 et
848 2700 1032 2764 homicidia.
1104 2701 1199 2787 epate
1220 2726 1318 2779 meas,
1342 2705 1400 2788 qai

279 2783 406 2849 beatam
434 2794 462 2848 te
484 2787 607 2867 dicant,
636 2787 705 2869 ipsi
727 2795 755 2849 te
777 2786 957 2869 decipiunt,
987 2785 1066 2850 dicit
1088 2785 1258 2851 Dominus.
1302 2787 1396 2850 Beati

116 2870 365 2952 ,nattnaaenim
386 2868 523 2954 pacifici,
546 2869 697 2955 quoniam
718 2868 923 2933 vocabuntur
943 2867 1000 2931 filii
1021 2869 1097 2950 Dei,
1120 2869 1288 2936 reddentes
1310 2891 1396 2934 nunc

279 2952 406 3016 interim
436 2974 475 3017 ea
526 2975 585 3016 uae
615 2963 690 3015 sunt
717 2953 855 3016 caesaris
884 2954 1023 3033 caesari,
1058 2953 1160 3018 donec
1191 2957 1300 3020 veniat
1326 2977 1398 3041 per-

141 3028 223 3128 M²²²2¹¹,·
233 3029 269 3078 ²²²
279 3037 364 3100 fecta
378 2975 553 3119 beatitudo,
572 3036 716 3122 quando:
732 3037 849 3100 Pacem
864 3059 977 3118 meam,
998 3039 1110 3123 inquit,
1126 3040 1282 3120 docebis,
1299 3048 1398 3125 qaam

128 3119 374 3199 1011.14,'ar.modo
397 3121 450 3185 hic
471 3119 618 3206 relinquo
640 3119 738 3184 arabis.
783 3119 871 3184 Ecce
899 3120 990 3184 iuxta
1018 3121 1222 3205 euangelium
1244 3121 1295 3188 vel
1316 3125 1397 3189 Mat-

280 3204 346 3269 thei
375 3203 427 3268 vel
456 3203 575 3286 Lucae,
610 3225 746 3290 quorum
774 3226 858 3268 unus
887 3205 1009 3288 regiam
1036 3207 1285 3290 generationem,
1318 3207 1399 3272 alter

279 3286 511 3354 sacerdotalem
527 3287 646 3353 Christi
660 3289 847 3374 progeniem
869 3287 1021 3352 describit
1042 3311 1100 3374 pro
1122 3293 1232 3375 magni
1253 3293 1398 3378 mysterii

278 3374 411 3455 ratione,
442 3375 534 3438 iuxta
557 3373 682 3454 horum,
704 3375 847 3458 inquam,
870 3371 1072 3458 euangelium
1096 3375 1267 3459 credimus,
1289 3377 1397 3443 Adam

279 3458 419 3542 primum
447 3467 478 3523 et
504 3457 611 3522 Adam
640 3459 849 3521 novissimum
876 3478 946 3521 esse
967 3455 1111 3521 eiusdem
1134 3469 1283 3544 naturae,
1310 3462 1397 3527 ideo-

281 3563 360 3626 que,
388 3551 558 3628 postquam
584 3541 732 3606 dominus
762 3551 794 3606 et
816 3539 964 3606 Salvator
988 3549 1097 3606 noster
1125 3555 1243 3610 terram
1270 3555 1396 3610 nostrae

281 3627 386 3688 carnis
407 3627 590 3711 assumpsit,
612 3649 652 3691 ne
674 3623 819 3709 angelica
841 3624 971 3710 quidem
993 3624 1149 3690 celsitudo
1173 3628 1288 3694 deinde
1309 3630 1395 3693 infir·

280 3709 425 3773 mitatem
464 3718 607 3774 nostram
639 3709 802 3796 despexit,
843 3710 1010 3795 quoniam,
1043 3731 1117 3774 cum
1150 3713 1203 3776 vel
1229 3713 1311 3777 Loth
1343 3711 1396 3778 vel

280 3793 375 3857 Iosue
402 3793 571 3858 adorantes
600 3794 689 3879 prius
720 3791 852 3878 angelos
878 3814 943 3858 non
974 3793 1220 3878 prohiberentur
1250 3796 1394 3877 adorare,

279 3876 413 3962 angelus
434 3877 609 3942 Iohannem
631 3879 665 3940 in
685 3875 884 3963 Apocalypsi
913 3900 947 3942 se
969 3879 1103 3943 adorare
1125 3879 1283 3944 volentem
1310 3902 1394 3944 com·

118 3987 268 4039 Apoeroao.
280 3962 415 4048 pascuit,
438 3960 563 4027 dicens:
589 3963 675 4043 Vade,
697 3985 737 4026 ae
749 3961 893 4046 fecerim
909 3985 1081 4028 conservas
1096 3973 1172 4027 tuae
1188 3988 1258 4029 eam
1273 3974 1301 4029 et
1312 3964 1393 4050 fra-

280 4057 361 4112 trum
392 4057 528 4112 tuorum.
571 4045 711 4110 Proinde
744 4045 1013 4112 considerandum
1042 4055 1099 4128 est,
1132 4056 1240 4112 utrum
1268 4071 1395 4134 perver-

280 4132 380 4196 siores
410 4131 473 4194 sint
493 4131 557 4213 isti,
585 4132 641 4218 qui
663 4130 845 4280 despiciunt
865 4132 898 4194 in
920 4152 997 4214 rege
1018 4129 1191 4214 hominem,
1215 4143 1394 4198 creaturam

281 4215 353 4296 Dei,
377 4214 556 4280 extalibus
578 4215 700 4281 scilicet
734 4216 814 4280 actis
837 4225 991 4300 negantes
1017 4235 1088 4277 eam
1110 4215 1229 4281 bonam
1251 4239 1330 4299 esse,
1353 4241 1394 4282 an

280 4297 335 4382 illi,
358 4301 413 4384 qui
435 4299 545 4364 dicunt
566 4310 712 4365 naturam
735 4298 855 4364 diaboli
878 4298 996 4362 malam
1018 4319 1100 4381 esse,
1124 4301 1211 4387 quod
1233 4303 1394 4368 affirmant
