3116 4822
261 368 327 418 XIV
719 363 935 416 PRAEFATIO.

263 535 411 600 omnibus
443 533 569 597 uiribus
608 533 853 613 contenderant,
889 542 926 596 ut
965 534 1078 596 unitos
1116 532 1386 596 adversariorum

263 619 403 684 Henrici
423 617 664 682 rescinderetur
686 616 755 700 (De
777 618 859 680 unit.
881 617 954 682 eccl.
977 617 1024 697 II,
1047 615 1116 696 28).
1160 616 1263 700 Atqui
1285 616 1385 678 liuius

261 705 409 768 iniuriae
424 701 618 766 sarciendae
632 702 827 785 imperatori
837 699 940 783 facta
955 723 1022 764 esse
1033 709 1179 785 potestas
1193 701 1266 764 oioo
1283 699 1384 763 Hart-

262 789 337 873 vipo
360 810 427 850 non
441 786 581 850 uidetur.
617 783 692 858 Qua
707 806 742 848 re
757 807 830 848 cum
844 787 1025 868 imperator
1040 794 1173 849 eueunte
1189 805 1278 847 anno
1293 782 1384 847 1090.

263 873 381 935 certior
397 870 516 956 foetus
543 879 632 948 esset,
661 877 823 932 mortuum
852 890 919 934 esse
947 869 1148 955 Hartvipum
1171 867 1325 947 abbatem,
1355 869 1386 930 ei

262 958 300 1021 in
331 964 463 1020 mentem
497 953 555 1018 lroc
584 955 709 1018 venisse
736 953 964 1034 contenderim,
992 975 1059 1016 sese
1085 961 1212 1017 mortuo
1241 950 1295 1014 illi
1323 950 1384 1014 ali-

263 1049 423 1124 quantum
453 1037 574 1119 delere,
599 1038 663 1101 sibi
688 1059 744 1102 eas
772 1037 922 1100 iniurius
948 1037 1179 1102 resarciendas
1201 1057 1277 1118 esse,
1301 1056 1385 1120 quas

262 1127 397 1209 inprato
428 1125 538 1187 animo
566 1122 737 1186 monachis
765 1119 856 1184 illius
886 1123 1031 1185 coenobii
1060 1119 1233 1184 intulisset.
1280 1121 1385 1196 Onam

252 1205 363 1292 focile
392 1208 498 1292 ipitur
516 1207 597 1289 fieri
616 1207 734 1290 potnit,
757 1214 802 1285 ut,
826 1228 889 1292 quo
918 1206 1024 1270 noluit
1049 1206 1257 1270 Fridericum
1285 1201 1383 1266 (iose-

263 1313 386 1356 oensem
398 1293 515 1374 funpi,
537 1293 762 1375 episcopatum
784 1289 1046 1375 Numburpensis
1068 1289 1220 1353 ecclesiae
1241 1288 1386 1350 traderet

263 1377 420 1459 scriptori
446 1373 524 1438 libri
552 1377 667 1454 nostri,
694 1374 854 1438 mondolio
882 1375 954 1437 eius
975 1373 1130 1454 coenobii,
1156 1374 1251 1436 cuius
1275 1371 1386 1434 allati

262 1463 390 1544 pratins
412 1480 480 1521 non
495 1466 653 1544 potuerat
674 1457 809 1523 reddere
830 1459 914 1538 uiuo,
937 1459 968 1520 ei
982 1458 1139 1522 monacho
1160 1455 1252 1520 illius
1272 1477 1387 1520 mona-

263 1544 367 1623 sterii,
389 1543 447 1626 qui
468 1542 598 1626 quidem
619 1539 739 1606 librum
761 1565 856 1606 suum
874 1543 1020 1606 nondum
1041 1544 1078 1606 in
1100 1541 1203 1604 lucem
1225 1539 1383 1615 ediderat,

263 1627 320 1690 sed
343 1629 400 1712 qui
421 1634 452 1689 et
472 1627 543 1689 ocie
563 1627 694 1711 inpenii
715 1635 744 1689 et
766 1627 868 1690 studii
879 1625 1027 1709 feruore,
1049 1647 1113 1710 quo
1134 1647 1271 1688 causam
1294 1623 1383 1686 Hen-

263 1712 328 1774 rici
350 1719 546 1794 occoeperat,
569 1719 652 1774 certe
665 1720 799 1793 praeter
815 1732 923 1774 omnes
935 1710 1068 1794 fratres
1090 1730 1166 1773 suos
1179 1707 1332 1793 florebat,
1355 1707 1386 1770 ei

263 1795 439 1872 monacho,
469 1815 562 1878 quem
591 1797 802 1878 suspicamur
838 1795 990 1860 coenobio
1022 1793 1253 1857 Horsoeldensi
1310 1813 1383 1853 roe-

254 1879 368 1964 fuisse
382 1876 450 1942 illis
466 1880 576 1958 annis,
587 1901 651 1962 per
665 1899 745 1962 quos
761 1879 947 1964 Hurtvipus
964 1879 1231 1962 archiepiscopus
1246 1815 1370 2022 allide

264 1964 438 2048 burpensis
467 1972 548 2043 erat,
577 1971 606 2026 et
632 1964 700 2048 qui,
726 1964 812 2026 sieut
840 1984 929 2026 anno
954 1963 1045 2027 1086.
1075 1963 1120 2025 ud
1151 1983 1257 2046 repom
1322 1960 1385 2023 eri·

264 2070 423 2112 mannum
455 2048 574 2110 missus
605 2056 676 2110 erat
709 2045 772 2129 (II,
801 2071 826 2110 c.
851 2046 919 2126 16),
952 2047 1000 2108 itu
1031 2045 1192 2129 lepationi
1229 2043 1386 2107 Veronam

264 2134 368 2195 misso
389 2131 546 2214 efortasse
563 2130 757 2213 praefectus
778 2138 858 2192 erat.

349 2215 483 2276 Praeter
515 2215 577 2276 lias
611 2235 693 2297 quos
726 2213 972 2276 commemoravi
1004 2232 1126 2274 causas
1158 2209 1241 2273 milri
1273 2230 1385 2272 occur-

265 2307 345 2360 runt
365 2296 499 2376 ¹nullae,
535 2297 652 2381 quibus
687 2296 849 2376 adducor,
885 2305 920 2358 ut
948 2293 1161 2358 Woltramum
1198 2293 1387 2377 episcopum

265 2381 547 2466 Numburpensem
584 2379 770 2466 apolopiam
815 2381 987 2464 scripsisse
1028 2378 1232 2442 contendam.
1287 2375 1387 2439 Nunc

266 2475 373 2528 antem
411 2467 626 2612 ilimrimm’
668 2487 747 2527 num
784 2465 864 2549 quid
900 2465 960 2542 sit,
1002 2462 1089 2547 qnod
1125 2483 1185 2526 nos
1228 2460 1388 2545 impediat

266 2550 382 2624 dicere,
449 2547 625 2612 oltromum
655 2550 845 2633 scriptorem
874 2547 951 2612 libri
982 2549 1088 2612 nostri
1110 2569 1187 2611 esse.
1231 2546 1292 2609 Est
1315 2545 1386 2631 qui·

267 2633 337 2696 dem
360 2633 454 2697 nihil.
498 2633 588 2697 Nom
616 2631 815 2698 Waltromus
827 2631 904 2717 fuit
926 2633 1100 2717 episcopus
1121 2630 1388 2714 Numburpensis

265 2717 342 2781 inde
376 2740 396 2780 u
425 2739 531 2780 mense
559 2717 743 2782 Februario
777 2719 863 2781 unni
886 2717 966 2781 1091
1002 2723 1056 2798 (ut
1088 2738 1195 2798 supro
1224 2715 1386 2792 uidimus)

266 2824 367 2886 usque
398 2801 444 2864 ad
471 2825 595 2865 annum
625 2802 730 2865 llll.¹
775 2803 905 2864 Deinde
938 2809 1050 2864 notum
1081 2809 1137 2879 est,
1172 2797 1387 2863 Waltramum

266 2907 388 2949 summo
425 2887 533 2950 studio
565 2893 681 2969 portes
714 2885 854 2948 Henrici
888 2883 1098 2966 imperatoris
1134 2891 1277 2945 secutum
1311 2901 1387 2943 esse.

265 2970 355 3033 Nam
377 2978 482 3032 eustot
503 2972 573 3034 eius
596 2967 739 3051 epistula
762 2967 924 3052 quaedum
952 2967 997 3030 ad
1019 2967 1162 3032 comitem
1184 2965 1387 3029 Ludooicum

267 3051 399 3117 Solium
410 3061 432 3132 ²,
455 3074 521 3137 qua
543 3075 615 3114 eum
637 3053 764 3132 inuitat,
787 3060 824 3114 ut
845 3073 982 3114 causum
1004 3051 1215 3134 imperatoris
1246 3047 1385 3131 amplec-

266 3145 358 3199 tatur
387 3145 415 3197 et
441 3157 554 3220 papae
582 3135 717 3198 deserat.
761 3135 884 3199 Eodem
910 3135 994 3198 libro
1025 3134 1064 3197 de
1092 3133 1244 3196 Anselmo
1278 3131 1386 3196 arclii-

267 3243 283 3282 e
308 3222 419 3303 iscopo
444 3219 712 3286 Conterburiensi
733 3228 912 3282 narratur:
945 3217 998 3281 Ad
1019 3215 1234 3282 Waltramum
1261 3235 1388 3301 quoque

300 3303 549 3388 amburgensem
581 3303 771 3388 episcopum
805 3302 844 3366 de
876 3303 1082 3386 processione
1116 3300 1254 3386 Spiritus
1288 3299 1390 3362 sancti

268 3388 398 3472 scripsit
419 3384 598 3472 epistulam,
620 3387 654 3450 in
676 3389 767 3450 euius
790 3389 894 3472 capite
915 3387 1023 3470 ipsum
1033 3383 1248 3449 Waltram'um
1267 3384 1390 3469 episco-

267 3494 356 3557 pum,
388 3472 544 3535 fautorem
575 3471 718 3551 Henrioi,
751 3470 956 3535 vehementer
988 3468 1154 3554 redarguit
1185 3479 1241 3534 etc.
1288 3469 1391 3535 Cuius

268 3556 426 3639 epistulae
447 3558 580 3620 initium
602 3557 722 3620 seueris
736 3557 841 3620 uerbis
851 3555 1025 3640 plenisque
1040 3555 1270 3638 costiputionis
1285 3556 1390 3637 scrip-

268 3649 336 3702 tum
359 3640 416 3703 loc
439 3649 501 3704 est:
526 3639 647 3703 Scienti
670 3637 809 3704 breviter
829 3637 951 3723 loquor.
996 3638 1031 3702 si
1054 3647 1160 3702 certus
1183 3659 1296 3718 essem,
1318 3657 1391 3720 pru·

269 3722 410 3786 dentiam
444 3733 582 3786 vestram
615 3743 680 3786 non
716 3721 824 3788 favere
861 3725 1040 3787 successori
1071 3721 1145 3786 Iulii
1178 3721 1326 3786 Caesaris
1359 3728 1391 3782 et

268 3805 405 3870 Neronis
428 3817 460 3870 et
480 3805 598 3870 Iuliani
612 3805 789 3890 Apostatae
811 3818 923 3870 contra
946 3829 1163 3871 successorem
1187 3813 1218 3869 et
1235 3803 1388 3868 vicarium

269 3892 357 3955 Petri
384 3890 530 3976 apostoli,
559 3889 770 3955 libentissime
797 3912 854 3954 vos
882 3898 917 3954 ut
938 3891 1169 3954 amicissimum
1193 3899 1224 3953 et
1244 3909 1390 3952 reveren-

271 4095 298 4158 1)
325 4095 356 4145 V.
381 4094 479 4145 Ohron.
499 4093 577 4144 Citiz.
606 4111 632 4160 p.
655 4091 724 4157 1783
755 4093 902 4158 Schttttgen
929 4099 954 4144 et
980 4094 1109 4158 Kreysig,
1136 4090 1333 4156 Diplomatcria
1362 4095 1390 4140 et

269 4169 414 4234 scriptores
440 4169 530 4219 histor.
555 4168 715 4218 Germaniae
736 4167 819 4216 medii
843 4167 913 4217 aevii
938 4167 976 4226 11,
1000 4184 1025 4232 p.
1046 4163 1234 4228 154-1ooc;
1265 4161 1336 4214 taffo
1356 4163 1390 4223 V,

270 4259 296 4308 p.
311 4242 374 4292 657.
440 4243 467 4306 2)
487 4241 607 4292 Annales
628 4242 656 4294 S.
677 4241 773 4304 Disib,
795 4240 843 4292 SS.
863 4241 953 4302 XVII,
973 4256 998 4305 p.
1018 4239 1060 4290 10.

1526 4131 1538 4183 s.

1523 4260 1546 4437 t
