<?xml version="1.0" encoding="UTF-8"?>
<!DOCTYPE html PUBLIC "-//W3C//DTD XHTML 1.0 Transitional//EN"
    "http://www.w3.org/TR/xhtml1/DTD/xhtml1-transitional.dtd">
<html xmlns="http://www.w3.org/1999/xhtml" xml:lang="en" lang="en">
 <head>
  <title>
</title>
<meta http-equiv="Content-Type" content="text/html;charset=utf-8" />
  <meta name='ocr-system' content='tesseract 3.04.00' />
  <meta name='ocr-capabilities' content='ocr_page ocr_carea ocr_par ocr_line ocrx_word'/>
</head>
<body>
  <div class='ocr_page' id='page_1' title='image "./waltramiutvidet01schwgoog_0055.png"; bbox 0 0 3116 4822; ppageno 0'>
   <div class='ocr_carea' id='block_1_1' title="bbox 315 415 1250 470">
    <p class='ocr_par' dir='ltr' id='par_1_1' title="bbox 315 415 1250 470">
     <span class='ocr_line' id='line_1_1' title="bbox 315 415 1250 470; baseline 0.001 -4"><span class='ocrx_word' id='word_1_1' title='bbox 315 417 366 466; x_wconf 80' lang='lat' dir='ltr'><strong><em>DE</em></strong></span> <span class='ocrx_word' id='word_1_2' title='bbox 386 415 544 468; x_wconf 83' lang='lat' dir='ltr'><strong>UNITATE</strong></span> <span class='ocrx_word' id='word_1_3' title='bbox 565 416 766 468; x_wconf 79' lang='lat' dir='ltr'>ECOLESIAE</span> <span class='ocrx_word' id='word_1_4' title='bbox 787 417 1063 470; x_wconf 80' lang='lat' dir='ltr'><strong>CONSERVANDA.</strong></span> <span class='ocrx_word' id='word_1_5' title='bbox 1216 419 1250 468; x_wconf 80' lang='lat'><strong><em>29</em></strong></span> 
     </span>
    </p>
   </div>
   <div class='ocr_carea' id='block_1_2' title="bbox 16 565 1251 656">
    <p class='ocr_par' dir='ltr' id='par_1_2' title="bbox 16 565 1251 656">
     <span class='ocr_line' id='line_1_2' title="bbox 16 565 1251 656; baseline 0.007 -19"><span class='ocrx_word' id='word_1_6' title='bbox 16 565 36 620; x_wconf 40' lang='lat' dir='ltr'><strong><em>l*</em></strong></span> <span class='ocrx_word' id='word_1_7' title='bbox 128 589 318 654; x_wconf 76' lang='lat' dir='ltr'><strong><em>imperarunta</em></strong></span> <span class='ocrx_word' id='word_1_8' title='bbox 338 595 361 640; x_wconf 91' lang='lat' dir='ltr'><strong><em>et</em></strong></span> <span class='ocrx_word' id='word_1_9' title='bbox 379 589 539 654; x_wconf 74' lang='lat' dir='ltr'><strong><em>imperantes</em></strong></span> <span class='ocrx_word' id='word_1_10' title='bbox 552 588 625 656; x_wconf 77' lang='lat' dir='ltr'><strong><em>filios</em></strong></span> <span class='ocrx_word' id='word_1_11' title='bbox 645 598 726 641; x_wconf 87' lang='lat' dir='ltr'><strong><em>morie</em></strong></span> <span class='ocrx_word' id='word_1_12' title='bbox 740 590 854 654; x_wconf 81' lang='lat' dir='ltr'><strong><em>placida</em></strong></span> <span class='ocrx_word' id='word_1_13' title='bbox 872 591 1035 656; x_wconf 80' lang='lat' dir='ltr'><strong><em>reliquerunt</em></strong></span> <span class='ocrx_word' id='word_1_14' title='bbox 1058 601 1083 643; x_wconf 90' lang='lat' dir='ltr'><strong><em>et</em></strong></span> <span class='ocrx_word' id='word_1_15' title='bbox 1102 593 1186 645; x_wconf 88' lang='lat' dir='ltr'><strong><em>bostss</em></strong></span> <span class='ocrx_word' id='word_1_16' title='bbox 1211 596 1251 646; x_wconf 88' lang='lat' dir='ltr'><strong><em>rei</em></strong></span> 
     </span>
    </p>
   </div>
   <div class='ocr_carea' id='block_1_3' title="bbox 50 661 1392 1971">
    <p class='ocr_par' dir='ltr' id='par_1_3' title="bbox 50 661 1392 1971">
     <span class='ocr_line' id='line_1_3' title="bbox 57 661 1251 732; baseline 0.005 -20"><span class='ocrx_word' id='word_1_17' title='bbox 57 682 59 686; x_wconf 94' lang='lat'>·</span> <span class='ocrx_word' id='word_1_18' title='bbox 125 663 251 727; x_wconf 72' lang='lat' dir='ltr'><strong><em>publicae</em></strong></span> <span class='ocrx_word' id='word_1_19' title='bbox 264 663 422 714; x_wconf 89' lang='lat' dir='ltr'><strong><em>domuerunt</em></strong></span> <span class='ocrx_word' id='word_1_20' title='bbox 441 671 465 712; x_wconf 88' lang='lat' dir='ltr'><strong><em>et</em></strong></span> <span class='ocrx_word' id='word_1_21' title='bbox 483 661 603 714; x_wconf 91' lang='lat' dir='ltr'><strong><em>inimicos</em></strong></span> <span class='ocrx_word' id='word_1_22' title='bbox 622 661 690 713; x_wconf 88' lang='lat' dir='ltr'><strong><em>eines</em></strong></span> <span class='ocrx_word' id='word_1_23' title='bbox 704 664 832 714; x_wconf 87' lang='lat' dir='ltr'><strong><em>adversus</em></strong></span> <span class='ocrx_word' id='word_1_24' title='bbox 851 680 878 715; x_wconf 86' lang='lat' dir='ltr'><strong><em>se</em></strong></span> <span class='ocrx_word' id='word_1_25' title='bbox 897 662 1062 732; x_wconf 75' lang='lat' dir='ltr'><strong><em>insurqentes</em></strong></span> <span class='ocrx_word' id='word_1_26' title='bbox 1082 675 1106 718; x_wconf 88' lang='lat' dir='ltr'><strong><em>et</em></strong></span> <span class='ocrx_word' id='word_1_27' title='bbox 1121 685 1213 719; x_wconf 86' lang='lat' dir='ltr'><strong><em>carere</em></strong></span> <span class='ocrx_word' id='word_1_28' title='bbox 1227 677 1251 720; x_wconf 90' lang='lat' dir='ltr'><strong><em>et</em></strong></span> 
     </span>
     <span class='ocr_line' id='line_1_4' title="bbox 132 733 1250 804; baseline 0.006 -19"><span class='ocrx_word' id='word_1_29' title='bbox 132 736 277 803; x_wconf 75' lang='lat' dir='ltr'><strong><em>opprimere</em></strong></span> <span class='ocrx_word' id='word_1_30' title='bbox 292 741 446 800; x_wconf 79' lang='lat' dir='ltr'><strong><em>potuerunt,</em></strong></span> <span class='ocrx_word' id='word_1_31' title='bbox 466 735 512 786; x_wconf 90' lang='lat' dir='ltr'><strong><em>sed</em></strong></span> <span class='ocrx_word' id='word_1_32' title='bbox 523 733 619 800; x_wconf 88' lang='lat' dir='ltr'><strong><em>felices</em></strong></span> <span class='ocrx_word' id='word_1_33' title='bbox 638 752 682 786; x_wconf 87' lang='lat' dir='ltr'><strong><em>sos</em></strong></span> <span class='ocrx_word' id='word_1_34' title='bbox 701 734 822 800; x_wconf 87' lang='lat' dir='ltr'><strong><em>dicimus,</em></strong></span> <span class='ocrx_word' id='word_1_35' title='bbox 847 737 870 787; x_wconf 90' lang='lat' dir='ltr'><strong><em>si</em></strong></span> <span class='ocrx_word' id='word_1_36' title='bbox 888 737 955 788; x_wconf 89' lang='lat' dir='ltr'><strong><em>iuste</em></strong></span> <span class='ocrx_word' id='word_1_37' title='bbox 974 739 1113 804; x_wconf 75' lang='lat' dir='ltr'><strong><em>imperant,</em></strong></span> <span class='ocrx_word' id='word_1_38' title='bbox 1139 739 1163 791; x_wconf 90' lang='lat' dir='ltr'><strong><em>si</em></strong></span> <span class='ocrx_word' id='word_1_39' title='bbox 1181 741 1250 792; x_wconf 90' lang='lat' dir='ltr'><strong><em>inter</em></strong></span> 
     </span>
     <span class='ocr_line' id='line_1_5' title="bbox 131 808 1250 876; baseline 0.006 -18"><span class='ocrx_word' id='word_1_40' title='bbox 131 808 238 876; x_wconf 75' lang='lat' dir='ltr'><strong><em>linquas</em></strong></span> <span class='ocrx_word' id='word_1_41' title='bbox 263 809 410 859; x_wconf 88' lang='lat' dir='ltr'><strong><em>sublimiter</em></strong></span> <span class='ocrx_word' id='word_1_42' title='bbox 429 808 617 858; x_wconf 76' lang='lat' dir='ltr'><em>honorantium</em></span> <span class='ocrx_word' id='word_1_43' title='bbox 636 815 660 859; x_wconf 89' lang='lat' dir='ltr'><strong><em>et</em></strong></span> <span class='ocrx_word' id='word_1_44' title='bbox 678 809 803 875; x_wconf 75' lang='lat' dir='ltr'><strong><em>obsequia</em></strong></span> <span class='ocrx_word' id='word_1_45' title='bbox 821 808 899 860; x_wconf 89' lang='lat' dir='ltr'><strong><em>nimis</em></strong></span> <span class='ocrx_word' id='word_1_46' title='bbox 919 809 1051 862; x_wconf 80' lang='lat' dir='ltr'><strong><em>bismiliter</em></strong></span> <span class='ocrx_word' id='word_1_47' title='bbox 1074 813 1250 866; x_wconf 86' lang='lat' dir='ltr'><strong><em>salutantium</em></strong></span> 
     </span>
     <span class='ocr_line' id='line_1_6' title="bbox 129 877 1250 952; baseline 0.009 -22"><span class='ocrx_word' id='word_1_48' title='bbox 129 898 183 932; x_wconf 86' lang='lat' dir='ltr'><strong><em>non</em></strong></span> <span class='ocrx_word' id='word_1_49' title='bbox 202 877 392 945; x_wconf 72' lang='lat' dir='ltr'><strong><em>exsatiem-ori,</em></strong></span> <span class='ocrx_word' id='word_1_50' title='bbox 411 881 457 932; x_wconf 88' lang='lat' dir='ltr'><strong><em>sed</em></strong></span> <span class='ocrx_word' id='word_1_51' title='bbox 476 899 503 932; x_wconf 89' lang='lat' dir='ltr'><strong><em>se</em></strong></span> <span class='ocrx_word' id='word_1_52' title='bbox 522 881 638 932; x_wconf 82' lang='lat' dir='ltr'><strong><em>homines</em></strong></span> <span class='ocrx_word' id='word_1_53' title='bbox 658 899 712 934; x_wconf 85' lang='lat' dir='ltr'><strong><em>esse</em></strong></span> <span class='ocrx_word' id='word_1_54' title='bbox 730 883 931 944; x_wconf 66' lang='lat' dir='ltr'><strong><em>mentina-unte,</em></strong></span> <span class='ocrx_word' id='word_1_55' title='bbox 956 883 980 934; x_wconf 87' lang='lat' dir='ltr'><strong><em>si</em></strong></span> <span class='ocrx_word' id='word_1_56' title='bbox 1003 902 1080 935; x_wconf 88' lang='lat' dir='ltr'><strong><em>suam</em></strong></span> <span class='ocrx_word' id='word_1_57' title='bbox 1094 896 1250 952; x_wconf 76' lang='lat' dir='ltr'><strong><em>potestatem</em></strong></span> 
     </span>
     <span class='ocr_line' id='line_1_7' title="bbox 130 955 1250 1026; baseline 0.007 -22"><span class='ocrx_word' id='word_1_58' title='bbox 130 955 167 1004; x_wconf 87' lang='lat' dir='ltr'><strong><em>ad</em></strong></span> <span class='ocrx_word' id='word_1_59' title='bbox 186 955 238 1006; x_wconf 90' lang='lat' dir='ltr'><strong><em>Dei</em></strong></span> <span class='ocrx_word' id='word_1_60' title='bbox 263 955 361 1005; x_wconf 88' lang='lat' dir='ltr'><strong><em>cultum</em></strong></span> <span class='ocrx_word' id='word_1_61' title='bbox 386 955 500 1005; x_wconf 80' lang='lat' dir='ltr'><strong><em>manime</em></strong></span> <span class='ocrx_word' id='word_1_62' title='bbox 525 955 695 1006; x_wconf 88' lang='lat' dir='ltr'><strong><em>dilatandum</em></strong></span> <span class='ocrx_word' id='word_1_63' title='bbox 720 957 853 1007; x_wconf 86' lang='lat' dir='ltr'><strong><em>maiestati</em></strong></span> <span class='ocrx_word' id='word_1_64' title='bbox 871 955 928 1008; x_wconf 90' lang='lat' dir='ltr'><strong><em>eius</em></strong></span> <span class='ocrx_word' id='word_1_65' title='bbox 939 958 1076 1024; x_wconf 86' lang='lat' dir='ltr'><strong><em>famulum</em></strong></span> <span class='ocrx_word' id='word_1_66' title='bbox 1087 961 1207 1026; x_wconf 79' lang='lat' dir='ltr'><strong><em>faciunt,</em></strong></span> <span class='ocrx_word' id='word_1_67' title='bbox 1227 961 1250 1022; x_wconf 86' lang='lat' dir='ltr'><strong><em>ei</em></strong></span> 
     </span>
     <span class='ocr_line' id='line_1_8' title="bbox 50 1026 1250 1098; baseline 0.009 -23"><span class='ocrx_word' id='word_1_68' title='bbox 50 1064 53 1071; x_wconf 92' lang='lat'>.</span> <span class='ocrx_word' id='word_1_69' title='bbox 128 1026 217 1078; x_wconf 87' lang='lat' dir='ltr'><strong><em>Deum</em></strong></span> <span class='ocrx_word' id='word_1_70' title='bbox 240 1027 338 1091; x_wconf 88' lang='lat' dir='ltr'><strong><em>timent,</em></strong></span> <span class='ocrx_word' id='word_1_71' title='bbox 362 1026 386 1077; x_wconf 91' lang='lat' dir='ltr'><strong><em>si</em></strong></span> <span class='ocrx_word' id='word_1_72' title='bbox 408 1026 530 1094; x_wconf 65' lang='lat' dir='ltr'><strong><em>diligunt,</em></strong></span> <span class='ocrx_word' id='word_1_73' title='bbox 555 1029 651 1091; x_wconf 88' lang='lat' dir='ltr'><strong><em>colunt,</em></strong></span> <span class='ocrx_word' id='word_1_74' title='bbox 676 1028 700 1079; x_wconf 90' lang='lat' dir='ltr'><strong><em>si</em></strong></span> <span class='ocrx_word' id='word_1_75' title='bbox 713 1029 778 1094; x_wconf 76' lang='lat' dir='ltr'><strong><em>plus</em></strong></span> <span class='ocrx_word' id='word_1_76' title='bbox 798 1039 889 1080; x_wconf 88' lang='lat' dir='ltr'><strong><em>amant</em></strong></span> <span class='ocrx_word' id='word_1_77' title='bbox 908 1030 977 1081; x_wconf 88' lang='lat' dir='ltr'><strong><em>illud</em></strong></span> <span class='ocrx_word' id='word_1_78' title='bbox 994 1049 1112 1098; x_wconf 67' lang='lat' dir='ltr'><strong><em>reanum,</em></strong></span> <span class='ocrx_word' id='word_1_79' title='bbox 1132 1034 1178 1083; x_wconf 89' lang='lat' dir='ltr'><strong><em>ubi</em></strong></span> <span class='ocrx_word' id='word_1_80' title='bbox 1195 1052 1250 1086; x_wconf 91' lang='lat' dir='ltr'><strong><em>non</em></strong></span> 
     </span>
     <span class='ocr_line' id='line_1_9' title="bbox 63 1097 1249 1170; baseline 0.008 -20"><span class='ocrx_word' id='word_1_81' title='bbox 63 1119 65 1124; x_wconf 95' lang='lat'>·</span> <span class='ocrx_word' id='word_1_82' title='bbox 115 1097 220 1151; x_wconf 63' lang='lat' dir='ltr'><strong><em>&#39;timent</em></strong></span> <span class='ocrx_word' id='word_1_83' title='bbox 239 1101 334 1152; x_wconf 82' lang='lat' dir='ltr'><strong><em>babere</em></strong></span> <span class='ocrx_word' id='word_1_84' title='bbox 354 1109 493 1166; x_wconf 87' lang='lat' dir='ltr'><strong><em>consortes,</em></strong></span> <span class='ocrx_word' id='word_1_85' title='bbox 512 1099 536 1152; x_wconf 90' lang='lat' dir='ltr'><strong><em>si</em></strong></span> <span class='ocrx_word' id='word_1_86' title='bbox 555 1101 660 1152; x_wconf 87' lang='lat' dir='ltr'><strong><em>tardius</em></strong></span> <span class='ocrx_word' id='word_1_87' title='bbox 678 1101 824 1166; x_wconf 77' lang='lat' dir='ltr'><strong><em>vindicant,</em></strong></span> <span class='ocrx_word' id='word_1_88' title='bbox 838 1103 924 1168; x_wconf 84' lang='lat' dir='ltr'><strong><em>facile</em></strong></span> <span class='ocrx_word' id='word_1_89' title='bbox 937 1104 1083 1170; x_wconf 65' lang='lat' dir='ltr'><strong><em>innascunt,</em></strong></span> <span class='ocrx_word' id='word_1_90' title='bbox 1102 1105 1127 1156; x_wconf 89' lang='lat' dir='ltr'><strong><em>si</em></strong></span> <span class='ocrx_word' id='word_1_91' title='bbox 1139 1109 1249 1159; x_wconf 87' lang='lat' dir='ltr'><strong><em>eandem</em></strong></span> 
     </span>
     <span class='ocr_line' id='line_1_10' title="bbox 129 1172 1248 1244; baseline 0.006 -21"><span class='ocrx_word' id='word_1_92' title='bbox 129 1172 276 1224; x_wconf 88' lang='lat' dir='ltr'><strong><em>uindictam</em></strong></span> <span class='ocrx_word' id='word_1_93' title='bbox 291 1191 342 1238; x_wconf 77' lang='lat' dir='ltr'><strong><em>pro</em></strong></span> <span class='ocrx_word' id='word_1_94' title='bbox 361 1173 513 1234; x_wconf 81' lang='lat' dir='ltr'><strong><em>necessitate</em></strong></span> <span class='ocrx_word' id='word_1_95' title='bbox 526 1175 656 1240; x_wconf 66' lang='lat' dir='ltr'><strong><em>reuendae</em></strong></span> <span class='ocrx_word' id='word_1_96' title='bbox 670 1175 835 1240; x_wconf 75' lang='lat' dir='ltr'><strong><em>tuendaeque</em></strong></span> <span class='ocrx_word' id='word_1_97' title='bbox 848 1175 887 1226; x_wconf 87' lang='lat' dir='ltr'><strong><em>rei</em></strong></span> <span class='ocrx_word' id='word_1_98' title='bbox 896 1177 1028 1242; x_wconf 81' lang='lat' dir='ltr'><strong><em>pecblicae,</em></strong></span> <span class='ocrx_word' id='word_1_99' title='bbox 1048 1195 1101 1229; x_wconf 90' lang='lat' dir='ltr'><strong><em>non</em></strong></span> <span class='ocrx_word' id='word_1_100' title='bbox 1110 1197 1162 1244; x_wconf 76' lang='lat' dir='ltr'><strong><em>pro</em></strong></span> <span class='ocrx_word' id='word_1_101' title='bbox 1175 1189 1248 1231; x_wconf 88' lang='lat' dir='ltr'><strong><em>satu·</em></strong></span> 
     </span>
     <span class='ocr_line' id='line_1_11' title="bbox 129 1245 1248 1318; baseline 0.007 -22"><span class='ocrx_word' id='word_1_102' title='bbox 129 1245 227 1296; x_wconf 91' lang='lat' dir='ltr'><strong><em>randis</em></strong></span> <span class='ocrx_word' id='word_1_103' title='bbox 246 1245 445 1297; x_wconf 77' lang='lat' dir='ltr'><strong><em>inimicitiarum</em></strong></span> <span class='ocrx_word' id='word_1_104' title='bbox 464 1246 533 1298; x_wconf 86' lang='lat' dir='ltr'><strong><em>odiis</em></strong></span> <span class='ocrx_word' id='word_1_105' title='bbox 553 1255 681 1311; x_wconf 82' lang='lat' dir='ltr'><strong><em>encrcent,</em></strong></span> <span class='ocrx_word' id='word_1_106' title='bbox 707 1247 731 1298; x_wconf 90' lang='lat' dir='ltr'><strong><em>si</em></strong></span> <span class='ocrx_word' id='word_1_107' title='bbox 753 1249 864 1302; x_wconf 84' lang='lat' dir='ltr'><strong><em>eandem</em></strong></span> <span class='ocrx_word' id='word_1_108' title='bbox 883 1249 988 1301; x_wconf 86' lang='lat' dir='ltr'><strong><em>ueniam</em></strong></span> <span class='ocrx_word' id='word_1_109' title='bbox 1006 1269 1060 1302; x_wconf 86' lang='lat' dir='ltr'><strong><em>non</em></strong></span> <span class='ocrx_word' id='word_1_110' title='bbox 1080 1254 1116 1301; x_wconf 86' lang='lat' dir='ltr'><strong><em>act</em></strong></span> <span class='ocrx_word' id='word_1_111' title='bbox 1134 1253 1248 1318; x_wconf 80' lang='lat' dir='ltr'><strong><em>impuni-</em></strong></span> 
     </span>
     <span class='ocr_line' id='line_1_12' title="bbox 129 1317 1248 1392; baseline 0.007 -22"><span class='ocrx_word' id='word_1_112' title='bbox 129 1326 209 1370; x_wconf 80' lang='lat' dir='ltr'><strong><em>tatem</em></strong></span> <span class='ocrx_word' id='word_1_113' title='bbox 227 1317 384 1384; x_wconf 82' lang='lat' dir='ltr'><strong><em>im&#39;qnitatis,</em></strong></span> <span class='ocrx_word' id='word_1_114' title='bbox 411 1321 457 1371; x_wconf 91' lang='lat' dir='ltr'><strong><em>scd</em></strong></span> <span class='ocrx_word' id='word_1_115' title='bbox 477 1321 604 1385; x_wconf 75' lang='lat' dir='ltr'><strong><em>adipem</em></strong></span> <span class='ocrx_word' id='word_1_116' title='bbox 623 1321 789 1372; x_wconf 75' lang='lat' dir='ltr'><strong><em>connectionis</em></strong></span> <span class='ocrx_word' id='word_1_117' title='bbox 809 1320 956 1390; x_wconf 74' lang='lat' dir='ltr'><strong><em>indulqent,</em></strong></span> <span class='ocrx_word' id='word_1_118' title='bbox 982 1324 1013 1384; x_wconf 87' lang='lat' dir='ltr'><strong><em>si,</em></strong></span> <span class='ocrx_word' id='word_1_119' title='bbox 1039 1321 1131 1388; x_wconf 74' lang='lat' dir='ltr'><strong><em>quoad</em></strong></span> <span class='ocrx_word' id='word_1_120' title='bbox 1155 1343 1248 1392; x_wconf 79' lang='lat' dir='ltr'><strong><em>aspere</em></strong></span> 
     </span>
     <span class='ocr_line' id='line_1_13' title="bbox 129 1393 1249 1462; baseline 0.006 -19"><span class='ocrx_word' id='word_1_121' title='bbox 129 1399 261 1458; x_wconf 69' lang='lat' dir='ltr'><strong><em>coquntur</em></strong></span> <span class='ocrx_word' id='word_1_122' title='bbox 280 1394 437 1458; x_wconf 75' lang='lat' dir='ltr'><strong><em>plerumque</em></strong></span> <span class='ocrx_word' id='word_1_123' title='bbox 461 1394 609 1454; x_wconf 83' lang='lat' dir='ltr'><strong><em>decemiere,</em></strong></span> <span class='ocrx_word' id='word_1_124' title='bbox 634 1393 851 1445; x_wconf 78' lang='lat' dir='ltr'><strong><em>misericordiaee</em></strong></span> <span class='ocrx_word' id='word_1_125' title='bbox 878 1395 985 1447; x_wconf 87' lang='lat' dir='ltr'><strong><em>lenitate</em></strong></span> <span class='ocrx_word' id='word_1_126' title='bbox 1014 1407 1038 1448; x_wconf 91' lang='lat' dir='ltr'><strong><em>et</em></strong></span> <span class='ocrx_word' id='word_1_127' title='bbox 1067 1398 1249 1462; x_wconf 84' lang='lat' dir='ltr'><strong><em>beneficiorum</em></strong></span> 
     </span>
     <span class='ocr_line' id='line_1_14' title="bbox 129 1463 1250 1536; baseline 0.006 -20"><span class='ocrx_word' id='word_1_128' title='bbox 129 1463 254 1532; x_wconf 73' lang='lat' dir='ltr'><strong><em>larqitate</em></strong></span> <span class='ocrx_word' id='word_1_129' title='bbox 280 1473 457 1530; x_wconf 77' lang='lat' dir='ltr'><strong><em>compensant,</em></strong></span> <span class='ocrx_word' id='word_1_130' title='bbox 483 1466 506 1515; x_wconf 91' lang='lat' dir='ltr'><strong><em>si</em></strong></span> <span class='ocrx_word' id='word_1_131' title='bbox 530 1467 640 1516; x_wconf 84' lang='lat' dir='ltr'><strong><em>lunaria</em></strong></span> <span class='ocrx_word' id='word_1_132' title='bbox 666 1473 738 1518; x_wconf 88' lang='lat' dir='ltr'><strong><em>tanto</em></strong></span> <span class='ocrx_word' id='word_1_133' title='bbox 758 1465 791 1517; x_wconf 90' lang='lat' dir='ltr'><strong><em>iis</em></strong></span> <span class='ocrx_word' id='word_1_134' title='bbox 811 1477 848 1519; x_wconf 89' lang='lat' dir='ltr'><strong><em>est</em></strong></span> <span class='ocrx_word' id='word_1_135' title='bbox 868 1469 1030 1535; x_wconf 75' lang='lat' dir='ltr'><strong><em>castiyatior,</em></strong></span> <span class='ocrx_word' id='word_1_136' title='bbox 1049 1477 1149 1534; x_wconf 81' lang='lat' dir='ltr'><strong><em>quanto</em></strong></span> <span class='ocrx_word' id='word_1_137' title='bbox 1163 1473 1250 1536; x_wconf 78' lang='lat' dir='ltr'><strong><em>possit</em></strong></span> 
     </span>
     <span class='ocr_line' id='line_1_15' title="bbox 129 1537 1248 1611; baseline 0.004 -21"><span class='ocrx_word' id='word_1_138' title='bbox 129 1555 183 1590; x_wconf 79' lang='lat' dir='ltr'><strong><em>etse</em></strong></span> <span class='ocrx_word' id='word_1_139' title='bbox 209 1537 322 1602; x_wconf 82' lang='lat' dir='ltr'><strong><em>liberior,</em></strong></span> <span class='ocrx_word' id='word_1_140' title='bbox 348 1539 372 1588; x_wconf 88' lang='lat' dir='ltr'><strong><em>si</em></strong></span> <span class='ocrx_word' id='word_1_141' title='bbox 392 1540 495 1589; x_wconf 89' lang='lat' dir='ltr'><strong><em>malunt</em></strong></span> <span class='ocrx_word' id='word_1_142' title='bbox 514 1539 705 1605; x_wconf 69' lang='lat' dir='ltr'><strong><em>timiditatibus</em></strong></span> <span class='ocrx_word' id='word_1_143' title='bbox 725 1539 821 1604; x_wconf 72' lang='lat' dir='ltr'><strong><em>proris</em></strong></span> <span class='ocrx_word' id='word_1_144' title='bbox 846 1559 926 1607; x_wconf 82' lang='lat' dir='ltr'><strong><em>quam</em></strong></span> <span class='ocrx_word' id='word_1_145' title='bbox 951 1543 1108 1606; x_wconf 76' lang='lat' dir='ltr'><strong><em>quibuslibet</em></strong></span> <span class='ocrx_word' id='word_1_146' title='bbox 1128 1545 1248 1611; x_wconf 63' lang='lat' dir='ltr'><strong><em>auctibus</em></strong></span> 
     </span>
     <span class='ocr_line' id='line_1_16' title="bbox 127 1609 1248 1684; baseline 0.008 -23"><span class='ocrx_word' id='word_1_147' title='bbox 127 1610 269 1676; x_wconf 79' lang='lat' dir='ltr'><strong><em>imperare,</em></strong></span> <span class='ocrx_word' id='word_1_148' title='bbox 289 1620 313 1662; x_wconf 88' lang='lat' dir='ltr'><strong><em>et</em></strong></span> <span class='ocrx_word' id='word_1_149' title='bbox 331 1611 356 1662; x_wconf 91' lang='lat' dir='ltr'><strong><em>si</em></strong></span> <span class='ocrx_word' id='word_1_150' title='bbox 373 1613 437 1662; x_wconf 84' lang='lat' dir='ltr'><strong><em>baec</em></strong></span> <span class='ocrx_word' id='word_1_151' title='bbox 456 1609 545 1662; x_wconf 88' lang='lat' dir='ltr'><strong><em>omnia</em></strong></span> <span class='ocrx_word' id='word_1_152' title='bbox 556 1611 675 1678; x_wconf 87' lang='lat' dir='ltr'><strong><em>faciunt,</em></strong></span> <span class='ocrx_word' id='word_1_153' title='bbox 695 1630 749 1664; x_wconf 88' lang='lat' dir='ltr'><strong><em>non</em></strong></span> <span class='ocrx_word' id='word_1_154' title='bbox 759 1623 872 1679; x_wconf 76' lang='lat' dir='ltr'><strong><em>propter</em></strong></span> <span class='ocrx_word' id='word_1_155' title='bbox 890 1616 1014 1666; x_wconf 83' lang='lat' dir='ltr'><strong><em>arciorem</em></strong></span> <span class='ocrx_word' id='word_1_156' title='bbox 1031 1614 1122 1668; x_wconf 87' lang='lat' dir='ltr'><strong><em>inanis</em></strong></span> <span class='ocrx_word' id='word_1_157' title='bbox 1138 1617 1248 1684; x_wconf 67' lang='lat' dir='ltr'><strong><em>alariae,</em></strong></span> 
     </span>
     <span class='ocr_line' id='line_1_17' title="bbox 129 1683 1249 1758; baseline 0.006 -23"><span class='ocrx_word' id='word_1_158' title='bbox 129 1685 175 1736; x_wconf 90' lang='lat' dir='ltr'><strong><em>sed</em></strong></span> <span class='ocrx_word' id='word_1_159' title='bbox 189 1693 304 1750; x_wconf 73' lang='lat' dir='ltr'><strong><em>propter</em></strong></span> <span class='ocrx_word' id='word_1_160' title='bbox 317 1683 455 1736; x_wconf 88' lang='lat' dir='ltr'><strong><em>caritatem</em></strong></span> <span class='ocrx_word' id='word_1_161' title='bbox 466 1685 606 1750; x_wconf 81' lang='lat' dir='ltr'><strong><em>felicitatis</em></strong></span> <span class='ocrx_word' id='word_1_162' title='bbox 626 1695 757 1748; x_wconf 88' lang='lat' dir='ltr'><strong><em>aeternae,</em></strong></span> <span class='ocrx_word' id='word_1_163' title='bbox 776 1687 800 1737; x_wconf 91' lang='lat' dir='ltr'><strong><em>si</em></strong></span> <span class='ocrx_word' id='word_1_164' title='bbox 813 1705 865 1752; x_wconf 76' lang='lat' dir='ltr'><strong><em>pro</em></strong></span> <span class='ocrx_word' id='word_1_165' title='bbox 886 1689 941 1739; x_wconf 88' lang='lat' dir='ltr'><strong><em>suis</em></strong></span> <span class='ocrx_word' id='word_1_166' title='bbox 956 1690 1073 1754; x_wconf 80' lang='lat' dir='ltr'><strong><em>peccatis</em></strong></span> <span class='ocrx_word' id='word_1_167' title='bbox 1092 1691 1249 1758; x_wconf 79' lang='lat' dir='ltr'><strong><em>sacrificium</em></strong></span> 
     </span>
     <span class='ocr_line' id='line_1_18' title="bbox 128 1757 1247 1832; baseline 0.007 -24"><span class='ocrx_word' id='word_1_168' title='bbox 128 1758 294 1821; x_wconf 78' lang='lat' dir='ltr'><strong><em>humilitatis,</em></strong></span> <span class='ocrx_word' id='word_1_169' title='bbox 314 1757 491 1810; x_wconf 91' lang='lat' dir='ltr'><strong><em>miserationis</em></strong></span> <span class='ocrx_word' id='word_1_170' title='bbox 511 1767 534 1810; x_wconf 92' lang='lat' dir='ltr'><strong><em>et</em></strong></span> <span class='ocrx_word' id='word_1_171' title='bbox 553 1758 682 1810; x_wconf 85' lang='lat' dir='ltr'><strong><em>orationis</em></strong></span> <span class='ocrx_word' id='word_1_172' title='bbox 700 1759 758 1810; x_wconf 91' lang='lat' dir='ltr'><strong><em>Deo</em></strong></span> <span class='ocrx_word' id='word_1_173' title='bbox 783 1776 831 1811; x_wconf 90' lang='lat' dir='ltr'><strong><em>suo</em></strong></span> <span class='ocrx_word' id='word_1_174' title='bbox 855 1777 916 1812; x_wconf 87' lang='lat' dir='ltr'><strong><em>uero</em></strong></span> <span class='ocrx_word' id='word_1_175' title='bbox 935 1761 1070 1813; x_wconf 88' lang='lat' dir='ltr'><strong><em>immolare</em></strong></span> <span class='ocrx_word' id='word_1_176' title='bbox 1095 1781 1149 1815; x_wconf 92' lang='lat' dir='ltr'><strong><em>non</em></strong></span> <span class='ocrx_word' id='word_1_177' title='bbox 1167 1765 1247 1832; x_wconf 66' lang='lat' dir='ltr'><strong><em>negli-</em></strong></span> 
     </span>
     <span class='ocr_line' id='line_1_19' title="bbox 125 1831 1248 1904; baseline 0.007 -23"><span class='ocrx_word' id='word_1_178' title='bbox 125 1837 207 1898; x_wconf 64' lang='lat' dir='ltr'><strong><em>gunt:</em></strong></span> <span class='ocrx_word' id='word_1_179' title='bbox 242 1832 308 1882; x_wconf 86' lang='lat' dir='ltr'><strong><em>tales</em></strong></span> <span class='ocrx_word' id='word_1_180' title='bbox 336 1831 494 1883; x_wconf 76' lang='lat' dir='ltr'><strong><em>christianos</em></strong></span> <span class='ocrx_word' id='word_1_181' title='bbox 522 1832 694 1898; x_wconf 76' lang='lat' dir='ltr'><strong><em>imperatores</em></strong></span> <span class='ocrx_word' id='word_1_182' title='bbox 719 1833 831 1884; x_wconf 89' lang='lat' dir='ltr'><strong><em>dicimus</em></strong></span> <span class='ocrx_word' id='word_1_183' title='bbox 860 1851 914 1885; x_wconf 88' lang='lat' dir='ltr'><strong><em>esse</em></strong></span> <span class='ocrx_word' id='word_1_184' title='bbox 932 1833 1026 1900; x_wconf 87' lang='lat' dir='ltr'><strong><em>felices</em></strong></span> <span class='ocrx_word' id='word_1_185' title='bbox 1059 1836 1163 1888; x_wconf 82' lang='lat' dir='ltr'><strong><em>interim</em></strong></span> <span class='ocrx_word' id='word_1_186' title='bbox 1194 1855 1248 1904; x_wconf 82' lang='lat' dir='ltr'><strong><em>spe,</em></strong></span> 
     </span>
     <span class='ocr_line' id='line_1_20' title="bbox 52 1903 1392 1971; baseline 0.005 -17"><span class='ocrx_word' id='word_1_187' title='bbox 52 1920 56 1926; x_wconf 94' lang='lat'>·</span> <span class='ocrx_word' id='word_1_188' title='bbox 123 1912 219 1970; x_wconf 75' lang='lat' dir='ltr'><strong><em>postea</em></strong></span> <span class='ocrx_word' id='word_1_189' title='bbox 237 1922 265 1956; x_wconf 90' lang='lat' dir='ltr'><strong><em>re</em></strong></span> <span class='ocrx_word' id='word_1_190' title='bbox 284 1903 345 1970; x_wconf 77' lang='lat' dir='ltr'><strong><em>ipsa</em></strong></span> <span class='ocrx_word' id='word_1_191' title='bbox 357 1905 478 1971; x_wconf 90' lang='lat' dir='ltr'><strong><em>futuros,</em></strong></span> <span class='ocrx_word' id='word_1_192' title='bbox 499 1922 557 1956; x_wconf 90' lang='lat' dir='ltr'><strong><em>cum</em></strong></span> <span class='ocrx_word' id='word_1_193' title='bbox 568 1905 605 1956; x_wconf 34' lang='lat' dir='ltr'><strong><em>,id</em></strong></span> <span class='ocrx_word' id='word_1_194' title='bbox 623 1905 695 1970; x_wconf 79' lang='lat' dir='ltr'><strong><em>quod</em></strong></span> <span class='ocrx_word' id='word_1_195' title='bbox 711 1913 889 1970; x_wconf 75' lang='lat' dir='ltr'><strong><em>exspectamus</em></strong></span> <span class='ocrx_word' id='word_1_196' title='bbox 910 1907 1054 1958; x_wconf 84' lang='lat' dir='ltr'><strong><em>advenerit.</em></strong></span> <span class='ocrx_word' id='word_1_197' title='bbox 1260 1909 1392 1961; x_wconf 79' lang='lat' dir='ltr'><strong><em>1.10h.s,s.</em></strong></span> 
     </span>
    </p>
   </div>
   <div class='ocr_carea' id='block_1_4' title="bbox 49 1971 1399 4241">
    <p class='ocr_par' dir='ltr' id='par_1_4' title="bbox 214 1971 1330 2041">
     <span class='ocr_line' id='line_1_21' title="bbox 214 1971 1330 2041; baseline 0.004 -7"><span class='ocrx_word' id='word_1_198' title='bbox 214 1973 263 2036; x_wconf 87' lang='lat'><strong><em>13.</em></strong></span> <span class='ocrx_word' id='word_1_199' title='bbox 307 1971 399 2036; x_wconf 89' lang='lat' dir='ltr'><strong><em>Haec</em></strong></span> <span class='ocrx_word' id='word_1_200' title='bbox 432 1981 464 2036; x_wconf 89' lang='lat' dir='ltr'><strong><em>et</em></strong></span> <span class='ocrx_word' id='word_1_201' title='bbox 491 1971 555 2036; x_wconf 88' lang='lat' dir='ltr'><strong><em>alia</em></strong></span> <span class='ocrx_word' id='word_1_202' title='bbox 581 1971 765 2035; x_wconf 89' lang='lat' dir='ltr'><strong><em>huiusmodi</em></strong></span> <span class='ocrx_word' id='word_1_203' title='bbox 794 1973 906 2038; x_wconf 83' lang='lat' dir='ltr'><strong><em>scribit</em></strong></span> <span class='ocrx_word' id='word_1_204' title='bbox 935 1984 966 2038; x_wconf 89' lang='lat' dir='ltr'><strong><em>et</em></strong></span> <span class='ocrx_word' id='word_1_205' title='bbox 996 1974 1090 2039; x_wconf 88' lang='lat' dir='ltr'><strong><em>docet</em></strong></span> <span class='ocrx_word' id='word_1_206' title='bbox 1119 1985 1330 2041; x_wconf 79' lang='lat' dir='ltr'><strong><em>sanctusixw)</em></strong></span> 
     </span>
    </p>

    <p class='ocr_par' dir='ltr' id='par_1_5' title="bbox 49 2055 1249 2397">
     <span class='ocr_line' id='line_1_22' title="bbox 49 2055 1249 2146; baseline 0.005 -27"><span class='ocrx_word' id='word_1_207' title='bbox 49 2109 54 2119; x_wconf 92' lang='lat'><em>.</em></span> <span class='ocrx_word' id='word_1_208' title='bbox 126 2055 329 2140; x_wconf 83' lang='lat' dir='ltr'><strong><em>Augustinus</em></strong></span> <span class='ocrx_word' id='word_1_209' title='bbox 351 2057 533 2141; x_wconf 87' lang='lat' dir='ltr'><strong><em>episcopus,</em></strong></span> <span class='ocrx_word' id='word_1_210' title='bbox 555 2066 591 2121; x_wconf 91' lang='lat' dir='ltr'><strong><em>ut</em></strong></span> <span class='ocrx_word' id='word_1_211' title='bbox 613 2077 857 2140; x_wconf 85' lang='lat' dir='ltr'><strong><em>cognoscamus,</em></strong></span> <span class='ocrx_word' id='word_1_212' title='bbox 880 2058 1041 2144; x_wconf 89' lang='lat' dir='ltr'><strong><em>quomodo</em></strong></span> <span class='ocrx_word' id='word_1_213' title='bbox 1059 2078 1249 2146; x_wconf 87' lang='lat' dir='ltr'><strong><em>perpacem</em></strong></span> 
     </span>
     <span class='ocr_line' id='line_1_23' title="bbox 127 2139 1249 2228; baseline 0.005 -26"><span class='ocrx_word' id='word_1_214' title='bbox 127 2147 285 2204; x_wconf 85' lang='lat' dir='ltr'><strong><em>terrenam</em></strong></span> <span class='ocrx_word' id='word_1_215' title='bbox 308 2139 349 2204; x_wconf 87' lang='lat' dir='ltr'><strong><em>ad</em></strong></span> <span class='ocrx_word' id='word_1_216' title='bbox 379 2139 548 2206; x_wconf 85' lang='lat' dir='ltr'><strong><em>caelestem</em></strong></span> <span class='ocrx_word' id='word_1_217' title='bbox 570 2141 739 2226; x_wconf 87' lang='lat' dir='ltr'><strong><em>pervenire</em></strong></span> <span class='ocrx_word' id='word_1_218' title='bbox 760 2141 945 2223; x_wconf 84' lang='lat' dir='ltr'><strong><em>debeamus,</em></strong></span> <span class='ocrx_word' id='word_1_219' title='bbox 969 2145 1130 2228; x_wconf 88' lang='lat' dir='ltr'><strong><em>quomodo</em></strong></span> <span class='ocrx_word' id='word_1_220' title='bbox 1153 2145 1249 2209; x_wconf 88' lang='lat' dir='ltr'><strong><em>etiam</em></strong></span> 
     </span>
     <span class='ocr_line' id='line_1_24' title="bbox 128 2221 1249 2310; baseline 0.007 -25"><span class='ocrx_word' id='word_1_221' title='bbox 128 2221 303 2308; x_wconf 87' lang='lat' dir='ltr'><strong><em>dispositor</em></strong></span> <span class='ocrx_word' id='word_1_222' title='bbox 328 2225 368 2289; x_wconf 89' lang='lat' dir='ltr'><strong><em>sit</em></strong></span> <span class='ocrx_word' id='word_1_223' title='bbox 397 2225 642 2310; x_wconf 83' lang='lat' dir='ltr'><strong><em>moderatorque</em></strong></span> <span class='ocrx_word' id='word_1_224' title='bbox 671 2246 844 2310; x_wconf 86' lang='lat' dir='ltr'><strong><em>regnorum</em></strong></span> <span class='ocrx_word' id='word_1_225' title='bbox 872 2225 973 2307; x_wconf 87' lang='lat' dir='ltr'><strong><em>Deus,</em></strong></span> <span class='ocrx_word' id='word_1_226' title='bbox 1003 2235 1035 2290; x_wconf 90' lang='lat' dir='ltr'><strong><em>et</em></strong></span> <span class='ocrx_word' id='word_1_227' title='bbox 1062 2227 1147 2292; x_wconf 89' lang='lat' dir='ltr'><strong><em>unde</em></strong></span> <span class='ocrx_word' id='word_1_228' title='bbox 1173 2251 1249 2294; x_wconf 87' lang='lat' dir='ltr'><strong><em>vera</em></strong></span> 
     </span>
     <span class='ocr_line' id='line_1_25' title="bbox 126 2306 1247 2397; baseline 0.006 -28"><span class='ocrx_word' id='word_1_229' title='bbox 126 2306 262 2372; x_wconf 74' lang='lat' dir='ltr'><strong><em>felicitas</em></strong></span> <span class='ocrx_word' id='word_1_230' title='bbox 285 2311 449 2393; x_wconf 84' lang='lat' dir='ltr'><strong><em>contingat</em></strong></span> <span class='ocrx_word' id='word_1_231' title='bbox 464 2309 644 2373; x_wconf 85' lang='lat' dir='ltr'><strong><em>christianis</em></strong></span> <span class='ocrx_word' id='word_1_232' title='bbox 666 2309 808 2394; x_wconf 86' lang='lat' dir='ltr'><strong><em>regibus,</em></strong></span> <span class='ocrx_word' id='word_1_233' title='bbox 831 2331 912 2395; x_wconf 86' lang='lat' dir='ltr'><strong><em>quos</em></strong></span> <span class='ocrx_word' id='word_1_234' title='bbox 927 2333 990 2374; x_wconf 88' lang='lat' dir='ltr'><strong><em>non</em></strong></span> <span class='ocrx_word' id='word_1_235' title='bbox 1006 2323 1091 2378; x_wconf 86' lang='lat' dir='ltr'><strong><em>recte</em></strong></span> <span class='ocrx_word' id='word_1_236' title='bbox 1106 2323 1247 2397; x_wconf 84' lang='lat' dir='ltr'><strong><em>agentes,</em></strong></span> 
     </span>
    </p>

    <p class='ocr_par' dir='ltr' id='par_1_6' title="bbox 119 2391 1399 4172">
     <span class='ocr_line' id='line_1_26' title="bbox 127 2391 1248 2480; baseline 0.009 -28"><span class='ocrx_word' id='word_1_237' title='bbox 127 2391 219 2454; x_wconf 85' lang='lat' dir='ltr'><strong><em>iuxta</em></strong></span> <span class='ocrx_word' id='word_1_238' title='bbox 240 2393 328 2477; x_wconf 91' lang='lat' dir='ltr'><strong><em>quod</em></strong></span> <span class='ocrx_word' id='word_1_239' title='bbox 355 2414 453 2478; x_wconf 84' lang='lat' dir='ltr'><strong><em>supra</em></strong></span> <span class='ocrx_word' id='word_1_240' title='bbox 474 2393 601 2474; x_wconf 87' lang='lat' dir='ltr'><strong><em>dicitur,</em></strong></span> <span class='ocrx_word' id='word_1_241' title='bbox 624 2395 669 2457; x_wconf 85' lang='lat' dir='ltr'><strong><em>ita</em></strong></span> <span class='ocrx_word' id='word_1_242' title='bbox 691 2393 783 2458; x_wconf 90' lang='lat' dir='ltr'><strong><em>Deus</em></strong></span> <span class='ocrx_word' id='word_1_243' title='bbox 804 2395 838 2457; x_wconf 93' lang='lat' dir='ltr'><strong><em>in</em></strong></span> <span class='ocrx_word' id='word_1_244' title='bbox 860 2393 943 2460; x_wconf 89' lang='lat' dir='ltr'><strong><em>libro</em></strong></span> <span class='ocrx_word' id='word_1_245' title='bbox 966 2396 1150 2480; x_wconf 79' lang='lat' dir='ltr'><strong><em>Sapientiae</em></strong></span> <span class='ocrx_word' id='word_1_246' title='bbox 1172 2396 1248 2462; x_wconf 86' lang='lat' dir='ltr'><strong><em>allo-</em></strong></span> 
     </span>
     <span class='ocr_line' id='line_1_27' title="bbox 128 2476 1393 2563; baseline 0.008 -26"><span class='ocrx_word' id='word_1_247' title='bbox 128 2476 253 2559; x_wconf 87' lang='lat' dir='ltr'><strong><em>quitur:</em></strong></span> <span class='ocrx_word' id='word_1_248' title='bbox 286 2476 417 2557; x_wconf 86' lang='lat' dir='ltr'><strong><em>Audite,</em></strong></span> <span class='ocrx_word' id='word_1_249' title='bbox 445 2501 545 2562; x_wconf 72' lang='lat' dir='ltr'><strong><em>reyes,</em></strong></span> <span class='ocrx_word' id='word_1_250' title='bbox 575 2487 604 2541; x_wconf 89' lang='lat' dir='ltr'><strong><em>et</em></strong></span> <span class='ocrx_word' id='word_1_251' title='bbox 631 2477 810 2563; x_wconf 69' lang='lat' dir='ltr'><strong><em>intelliqite,</em></strong></span> <span class='ocrx_word' id='word_1_252' title='bbox 840 2480 963 2560; x_wconf 86' lang='lat' dir='ltr'><strong><em>discite,</em></strong></span> <span class='ocrx_word' id='word_1_253' title='bbox 985 2483 1111 2544; x_wconf 86' lang='lat' dir='ltr'><strong><em>iudices</em></strong></span> <span class='ocrx_word' id='word_1_254' title='bbox 1124 2483 1393 2563; x_wconf 61' lang='lat' dir='ltr'><strong><em>statuminat-</em></strong></span> 
     </span>
     <span class='ocr_line' id='line_1_28' title="bbox 128 2545 1385 2646; baseline 0.006 -25"><span class='ocrx_word' id='word_1_255' title='bbox 128 2569 244 2640; x_wconf 87' lang='lat' dir='ltr'><strong><em>terrae,</em></strong></span> <span class='ocrx_word' id='word_1_256' title='bbox 268 2561 420 2644; x_wconf 79' lang='lat' dir='ltr'><strong><em>praebete</em></strong></span> <span class='ocrx_word' id='word_1_257' title='bbox 448 2583 546 2624; x_wconf 86' lang='lat' dir='ltr'><strong><em>aures</em></strong></span> <span class='ocrx_word' id='word_1_258' title='bbox 579 2583 646 2643; x_wconf 87' lang='lat' dir='ltr'><strong><em>eos,</em></strong></span> <span class='ocrx_word' id='word_1_259' title='bbox 680 2563 738 2646; x_wconf 84' lang='lat' dir='ltr'><strong><em>qui</em></strong></span> <span class='ocrx_word' id='word_1_260' title='bbox 770 2566 940 2628; x_wconf 90' lang='lat' dir='ltr'><strong><em>continetis</em></strong></span> <span class='ocrx_word' id='word_1_261' title='bbox 967 2563 1191 2630; x_wconf 83' lang='lat' dir='ltr'><strong><em>multitudines</em></strong></span> <span class='ocrx_word' id='word_1_262' title='bbox 1220 2576 1248 2630; x_wconf 93' lang='lat' dir='ltr'><strong><em>et</em></strong></span> <span class='ocrx_word' id='word_1_263' title='bbox 1274 2545 1385 2590; x_wconf 36' lang='grc' dir='ltr'><strong><em>ΜΛ</em></strong></span> 
     </span>
     <span class='ocr_line' id='line_1_29' title="bbox 123 2642 1250 2728; baseline 0.007 -22"><span class='ocrx_word' id='word_1_264' title='bbox 123 2642 265 2728; x_wconf 79' lang='lat' dir='ltr'><strong><em>placetis</em></strong></span> <span class='ocrx_word' id='word_1_265' title='bbox 298 2645 387 2708; x_wconf 87' lang='lat' dir='ltr'><strong><em>vobis</em></strong></span> <span class='ocrx_word' id='word_1_266' title='bbox 419 2647 457 2708; x_wconf 88' lang='lat' dir='ltr'><strong><em>in</em></strong></span> <span class='ocrx_word' id='word_1_267' title='bbox 489 2645 594 2709; x_wconf 81' lang='lat' dir='ltr'><strong><em>turbio</em></strong></span> <span class='ocrx_word' id='word_1_268' title='bbox 627 2647 810 2725; x_wconf 89' lang='lat' dir='ltr'><strong><em>notionum,</em></strong></span> <span class='ocrx_word' id='word_1_269' title='bbox 864 2649 999 2712; x_wconf 90' lang='lat' dir='ltr'><strong><em>uoniam</em></strong></span> <span class='ocrx_word' id='word_1_270' title='bbox 1036 2649 1117 2711; x_wconf 85' lang='lat' dir='ltr'><strong><em>deta</em></strong></span> <span class='ocrx_word' id='word_1_271' title='bbox 1151 2659 1196 2713; x_wconf 91' lang='lat' dir='ltr'><strong><em>est</em></strong></span> <span class='ocrx_word' id='word_1_272' title='bbox 1228 2674 1250 2714; x_wconf 92' lang='lat' dir='ltr'><strong><em>a</em></strong></span> 
     </span>
     <span class='ocr_line' id='line_1_30' title="bbox 127 2727 1248 2816; baseline 0.006 -26"><span class='ocrx_word' id='word_1_273' title='bbox 127 2727 271 2792; x_wconf 91' lang='lat' dir='ltr'><strong><em>Domino</em></strong></span> <span class='ocrx_word' id='word_1_274' title='bbox 289 2737 436 2812; x_wconf 73' lang='lat' dir='ltr'><strong><em>potestas</em></strong></span> <span class='ocrx_word' id='word_1_275' title='bbox 465 2731 554 2795; x_wconf 88' lang='lat' dir='ltr'><strong><em>uobis</em></strong></span> <span class='ocrx_word' id='word_1_276' title='bbox 583 2739 612 2792; x_wconf 90' lang='lat' dir='ltr'><strong><em>et</em></strong></span> <span class='ocrx_word' id='word_1_277' title='bbox 640 2730 745 2793; x_wconf 84' lang='lat' dir='ltr'><strong><em>virtus</em></strong></span> <span class='ocrx_word' id='word_1_278' title='bbox 769 2730 808 2792; x_wconf 89' lang='lat' dir='ltr'><strong><em>ab</em></strong></span> <span class='ocrx_word' id='word_1_279' title='bbox 862 2729 1009 2811; x_wconf 87' lang='lat' dir='ltr'><strong><em>ltissimo,</em></strong></span> <span class='ocrx_word' id='word_1_280' title='bbox 1033 2735 1091 2816; x_wconf 83' lang='lat' dir='ltr'><strong><em>qui</em></strong></span> <span class='ocrx_word' id='word_1_281' title='bbox 1111 2735 1248 2797; x_wconf 91' lang='lat' dir='ltr'><strong><em>interro-</em></strong></span> 
     </span>
     <span class='ocr_line' id='line_1_31' title="bbox 127 2812 1249 2899; baseline 0.005 -24"><span class='ocrx_word' id='word_1_282' title='bbox 127 2812 220 2897; x_wconf 74' lang='lat' dir='ltr'><strong><em>9abit</em></strong></span> <span class='ocrx_word' id='word_1_283' title='bbox 237 2834 337 2895; x_wconf 75' lang='lat' dir='ltr'><strong><em>opera</em></strong></span> <span class='ocrx_word' id='word_1_284' title='bbox 352 2822 460 2876; x_wconf 88' lang='lat' dir='ltr'><strong><em>uestra</em></strong></span> <span class='ocrx_word' id='word_1_285' title='bbox 483 2823 511 2877; x_wconf 91' lang='lat' dir='ltr'><strong><em>ct</em></strong></span> <span class='ocrx_word' id='word_1_286' title='bbox 531 2815 744 2899; x_wconf 71' lang='lat' dir='ltr'><strong><em>coqitutiones</em></strong></span> <span class='ocrx_word' id='word_1_287' title='bbox 760 2814 971 2895; x_wconf 79' lang='lat' dir='ltr'><strong><em>scrutabitur,</em></strong></span> <span class='ocrx_word' id='word_1_288' title='bbox 995 2818 1162 2899; x_wconf 81' lang='lat' dir='ltr'><strong><em>quoniam,</em></strong></span> <span class='ocrx_word' id='word_1_289' title='bbox 1177 2841 1249 2880; x_wconf 90' lang='lat' dir='ltr'><strong><em>oum</em></strong></span> 
     </span>
     <span class='ocr_line' id='line_1_32' title="bbox 128 2897 1249 2982; baseline 0.005 -24"><span class='ocrx_word' id='word_1_290' title='bbox 128 2898 238 2960; x_wconf 85' lang='lat' dir='ltr'><strong><em>essetis</em></strong></span> <span class='ocrx_word' id='word_1_291' title='bbox 255 2897 401 2960; x_wconf 86' lang='lat' dir='ltr'><strong><em>ministri</em></strong></span> <span class='ocrx_word' id='word_1_292' title='bbox 416 2899 513 2982; x_wconf 69' lang='lat' dir='ltr'><strong><em>requi</em></strong></span> <span class='ocrx_word' id='word_1_293' title='bbox 530 2897 632 2979; x_wconf 87' lang='lat' dir='ltr'><strong><em>illius,</em></strong></span> <span class='ocrx_word' id='word_1_294' title='bbox 649 2919 715 2960; x_wconf 91' lang='lat' dir='ltr'><strong><em>non</em></strong></span> <span class='ocrx_word' id='word_1_295' title='bbox 731 2906 813 2961; x_wconf 89' lang='lat' dir='ltr'><strong><em>recte</em></strong></span> <span class='ocrx_word' id='word_1_296' title='bbox 827 2899 1012 2979; x_wconf 86' lang='lat' dir='ltr'><strong><em>iudicastis,</em></strong></span> <span class='ocrx_word' id='word_1_297' title='bbox 1030 2921 1069 2962; x_wconf 88' lang='lat' dir='ltr'><strong><em>ne</em></strong></span> <span class='ocrx_word' id='word_1_298' title='bbox 1092 2922 1131 2962; x_wconf 89' lang='lat' dir='ltr'><strong><em>ue</em></strong></span> <span class='ocrx_word' id='word_1_299' title='bbox 1146 2911 1249 2964; x_wconf 89' lang='lat' dir='ltr'><strong><em>custo-</em></strong></span> 
     </span>
     <span class='ocr_line' id='line_1_33' title="bbox 129 2922 1248 3067; baseline 0.006 -25"><span class='ocrx_word' id='word_1_300' title='bbox 129 2980 225 3043; x_wconf 88' lang='lat' dir='ltr'><strong><em>distis</em></strong></span> <span class='ocrx_word' id='word_1_301' title='bbox 239 2980 508 3064; x_wconf 69' lang='lat' dir='ltr'><strong><em>leqemiustitiae,</em></strong></span> <span class='ocrx_word' id='word_1_302' title='bbox 531 3004 633 3067; x_wconf 79' lang='lat' dir='ltr'><strong><em>neque</em></strong></span> <span class='ocrx_word' id='word_1_303' title='bbox 648 2983 826 3045; x_wconf 85' lang='lat' dir='ltr'><strong><em>secundum</em></strong></span> <span class='ocrx_word' id='word_1_304' title='bbox 848 2981 1044 3046; x_wconf 87' lang='lat' dir='ltr'><strong><em>uoluntatem</em></strong></span> <span class='ocrx_word' id='word_1_305' title='bbox 1059 2922 1125 3048; x_wconf 67' lang='lat' dir='ltr'><strong><em>iba·</em></strong></span> <span class='ocrx_word' id='word_1_306' title='bbox 1140 2985 1248 3048; x_wconf 89' lang='lat' dir='ltr'><strong><em>umbu-</em></strong></span> 
     </span>
     <span class='ocr_line' id='line_1_34' title="bbox 127 3064 1250 3152; baseline 0.004 -24"><span class='ocrx_word' id='word_1_307' title='bbox 127 3064 232 3146; x_wconf 78' lang='lat' dir='ltr'><strong><em>tastis,</em></strong></span> <span class='ocrx_word' id='word_1_308' title='bbox 262 3065 421 3128; x_wconf 74' lang='lat' dir='ltr'><strong><em>horrende</em></strong></span> <span class='ocrx_word' id='word_1_309' title='bbox 451 3076 479 3128; x_wconf 90' lang='lat' dir='ltr'><strong><em>et</em></strong></span> <span class='ocrx_word' id='word_1_310' title='bbox 504 3068 563 3130; x_wconf 89' lang='lat' dir='ltr'><strong><em>cite</em></strong></span> <span class='ocrx_word' id='word_1_311' title='bbox 590 3066 764 3150; x_wconf 75' lang='lat' dir='ltr'><strong><em>apparebit</em></strong></span> <span class='ocrx_word' id='word_1_312' title='bbox 789 3066 888 3146; x_wconf 88' lang='lat' dir='ltr'><strong><em>uobis,</em></strong></span> <span class='ocrx_word' id='word_1_313' title='bbox 912 3068 1068 3152; x_wconf 80' lang='lat' dir='ltr'><strong><em>quoniam</em></strong></span> <span class='ocrx_word' id='word_1_314' title='bbox 1089 3068 1250 3133; x_wconf 90' lang='lat' dir='ltr'><strong><em>indicium</em></strong></span> 
     </span>
     <span class='ocr_line' id='line_1_35' title="bbox 129 3148 1250 3235; baseline 0.001 -23"><span class='ocrx_word' id='word_1_315' title='bbox 129 3148 344 3212; x_wconf 87' lang='lat' dir='ltr'><strong><em>durissimum</em></strong></span> <span class='ocrx_word' id='word_1_316' title='bbox 357 3150 394 3212; x_wconf 89' lang='lat' dir='ltr'><strong><em>in</em></strong></span> <span class='ocrx_word' id='word_1_317' title='bbox 411 3149 463 3212; x_wconf 86' lang='lat' dir='ltr'><strong><em>bis</em></strong></span> <span class='ocrx_word' id='word_1_318' title='bbox 479 3150 537 3234; x_wconf 84' lang='lat' dir='ltr'><strong><em>qui</em></strong></span> <span class='ocrx_word' id='word_1_319' title='bbox 548 3159 711 3234; x_wconf 83' lang='lat' dir='ltr'><strong><em>praesunt</em></strong></span> <span class='ocrx_word' id='word_1_320' title='bbox 720 3148 799 3231; x_wconf 76' lang='lat' dir='ltr'><strong><em>flet5</em></strong></span> <span class='ocrx_word' id='word_1_321' title='bbox 823 3151 942 3235; x_wconf 69' lang='lat' dir='ltr'><strong><em>cuique</em></strong></span> <span class='ocrx_word' id='word_1_322' title='bbox 959 3151 1044 3214; x_wconf 88' lang='lat' dir='ltr'><strong><em>enim</em></strong></span> <span class='ocrx_word' id='word_1_323' title='bbox 1060 3155 1250 3216; x_wconf 87' lang='lat' dir='ltr'><strong><em>conceditur</em></strong></span> 
     </span>
     <span class='ocr_line' id='line_1_36' title="bbox 129 3233 1249 3318; baseline 0.001 -22"><span class='ocrx_word' id='word_1_324' title='bbox 129 3233 371 3313; x_wconf 83' lang='lat' dir='ltr'><strong><em>misericordia,</em></strong></span> <span class='ocrx_word' id='word_1_325' title='bbox 384 3243 528 3316; x_wconf 81' lang='lat' dir='ltr'><strong><em>potentes</em></strong></span> <span class='ocrx_word' id='word_1_326' title='bbox 541 3243 647 3297; x_wconf 89' lang='lat' dir='ltr'><strong><em>autem</em></strong></span> <span class='ocrx_word' id='word_1_327' title='bbox 657 3243 805 3317; x_wconf 83' lang='lat' dir='ltr'><strong><em>potenter</em></strong></span> <span class='ocrx_word' id='word_1_328' title='bbox 815 3243 973 3297; x_wconf 87' lang='lat' dir='ltr'><strong><em>tormenta</em></strong></span> <span class='ocrx_word' id='word_1_329' title='bbox 980 3237 1170 3318; x_wconf 61' lang='lat' dir='ltr'><strong><em>patientum</em></strong></span> <span class='ocrx_word' id='word_1_330' title='bbox 1183 3259 1249 3300; x_wconf 86' lang='lat' dir='ltr'><strong><em>non</em></strong></span> 
     </span>
     <span class='ocr_line' id='line_1_37' title="bbox 129 3317 1259 3402; baseline 0.001 -22"><span class='ocrx_word' id='word_1_331' title='bbox 129 3319 215 3380; x_wconf 88' lang='lat' dir='ltr'><strong><em>enim</em></strong></span> <span class='ocrx_word' id='word_1_332' title='bbox 227 3317 391 3380; x_wconf 78' lang='lat' dir='ltr'><strong><em>subtrahet</em></strong></span> <span class='ocrx_word' id='word_1_333' title='bbox 401 3339 581 3402; x_wconf 76' lang='lat' dir='ltr'><strong><em>personam</em></strong></span> <span class='ocrx_word' id='word_1_334' title='bbox 592 3319 788 3402; x_wconf 84' lang='lat' dir='ltr'><strong><em>cuiusquam</em></strong></span> <span class='ocrx_word' id='word_1_335' title='bbox 799 3317 974 3397; x_wconf 85' lang='lat' dir='ltr'><strong><em>Dominus,</em></strong></span> <span class='ocrx_word' id='word_1_336' title='bbox 986 3340 1043 3382; x_wconf 86' lang='lat' dir='ltr'><strong><em>neo</em></strong></span> <span class='ocrx_word' id='word_1_337' title='bbox 1056 3320 1259 3400; x_wconf 83' lang='lat' dir='ltr'><strong><em>reverebitur</em></strong></span> 
     </span>
     <span class='ocr_line' id='line_1_38' title="bbox 128 3401 1249 3500; baseline 0.002 -36"><span class='ocrx_word' id='word_1_338' title='bbox 128 3401 392 3500; x_wconf 55' lang='lat' dir='ltr'><strong><em>mannitudinem</em></strong></span> <span class='ocrx_word' id='word_1_339' title='bbox 403 3403 598 3488; x_wconf 80' lang='lat' dir='ltr'><strong><em>cuiusquam</em></strong></span> <span class='ocrx_word' id='word_1_340' title='bbox 610 3401 712 3482; x_wconf 87' lang='lat' dir='ltr'><strong><em>Deus,</em></strong></span> <span class='ocrx_word' id='word_1_341' title='bbox 724 3403 881 3485; x_wconf 81' lang='lat' dir='ltr'><strong><em>quoniam</em></strong></span> <span class='ocrx_word' id='word_1_342' title='bbox 881 3401 1043 3485; x_wconf 75' lang='lat' dir='ltr'><strong><em>pusillum</em></strong></span> <span class='ocrx_word' id='word_1_343' title='bbox 1055 3411 1083 3464; x_wconf 89' lang='lat' dir='ltr'><strong><em>ct</em></strong></span> <span class='ocrx_word' id='word_1_344' title='bbox 1095 3425 1249 3488; x_wconf 62' lang='lat' dir='ltr'><strong><em>magnum</em></strong></span> 
     </span>
     <span class='ocr_line' id='line_1_39' title="bbox 119 3482 1250 3570; baseline 0 -22"><span class='ocrx_word' id='word_1_345' title='bbox 119 3485 205 3569; x_wconf 86' lang='lat' dir='ltr'><strong><em>fecit</em></strong></span> <span class='ocrx_word' id='word_1_346' title='bbox 219 3487 302 3569; x_wconf 79' lang='lat' dir='ltr'><strong><em>ipse,</em></strong></span> <span class='ocrx_word' id='word_1_347' title='bbox 326 3495 354 3548; x_wconf 89' lang='lat' dir='ltr'><strong><em>et</em></strong></span> <span class='ocrx_word' id='word_1_348' title='bbox 377 3485 558 3570; x_wconf 80' lang='lat' dir='ltr'><strong><em>aeqeealiter</em></strong></span> <span class='ocrx_word' id='word_1_349' title='bbox 572 3507 654 3548; x_wconf 87' lang='lat' dir='ltr'><strong><em>curn</em></strong></span> <span class='ocrx_word' id='word_1_350' title='bbox 676 3495 721 3548; x_wconf 83' lang='lat' dir='ltr'><strong><em>ost</em></strong></span> <span class='ocrx_word' id='word_1_351' title='bbox 741 3482 794 3549; x_wconf 89' lang='lat' dir='ltr'><strong><em>illi</em></strong></span> <span class='ocrx_word' id='word_1_352' title='bbox 814 3485 853 3548; x_wconf 88' lang='lat' dir='ltr'><strong><em>de</em></strong></span> <span class='ocrx_word' id='word_1_353' title='bbox 876 3485 1033 3563; x_wconf 86' lang='lat' dir='ltr'><strong><em>omnibus,</em></strong></span> <span class='ocrx_word' id='word_1_354' title='bbox 1046 3484 1250 3568; x_wconf 76' lang='lat' dir='ltr'><strong><em>fortioribus</em></strong></span> 
     </span>
     <span class='ocr_line' id='line_1_40' title="bbox 130 3568 1250 3654; baseline 0.002 -22"><span class='ocrx_word' id='word_1_355' title='bbox 130 3568 363 3653; x_wconf 87' lang='lat' dir='ltr'><strong><em>autemfortior</em></strong></span> <span class='ocrx_word' id='word_1_356' title='bbox 377 3571 481 3632; x_wconf 84' lang='lat' dir='ltr'><strong><em>instat</em></strong></span> <span class='ocrx_word' id='word_1_357' title='bbox 495 3571 666 3634; x_wconf 89' lang='lat' dir='ltr'><strong><em>cruciatio.</em></strong></span> <span class='ocrx_word' id='word_1_358' title='bbox 689 3569 744 3632; x_wconf 86' lang='lat' dir='ltr'><strong><em>Ad</em></strong></span> <span class='ocrx_word' id='word_1_359' title='bbox 758 3591 814 3632; x_wconf 86' lang='lat' dir='ltr'><strong><em>vos</em></strong></span> <span class='ocrx_word' id='word_1_360' title='bbox 826 3591 913 3653; x_wconf 73' lang='lat' dir='ltr'><strong><em>erqo,</em></strong></span> <span class='ocrx_word' id='word_1_361' title='bbox 928 3591 1029 3654; x_wconf 70' lang='lat' dir='ltr'><strong><em>reyes,</em></strong></span> <span class='ocrx_word' id='word_1_362' title='bbox 1045 3579 1121 3633; x_wconf 91' lang='lat' dir='ltr'><strong><em>sunt</em></strong></span> <span class='ocrx_word' id='word_1_363' title='bbox 1136 3570 1172 3633; x_wconf 86' lang='lat' dir='ltr'><strong><em>bi</em></strong></span> <span class='ocrx_word' id='word_1_364' title='bbox 1185 3594 1250 3634; x_wconf 89' lang='lat' dir='ltr'><strong><em>scr-</em></strong></span> 
     </span>
     <span class='ocr_line' id='line_1_41' title="bbox 129 3653 1248 3738; baseline 0.004 -22"><span class='ocrx_word' id='word_1_365' title='bbox 129 3675 237 3716; x_wconf 89' lang='lat' dir='ltr'><strong><em>moncs</em></strong></span> <span class='ocrx_word' id='word_1_366' title='bbox 258 3655 331 3733; x_wconf 90' lang='lat' dir='ltr'><strong><em>mei,</em></strong></span> <span class='ocrx_word' id='word_1_367' title='bbox 351 3662 388 3716; x_wconf 92' lang='lat' dir='ltr'><strong><em>ut</em></strong></span> <span class='ocrx_word' id='word_1_368' title='bbox 408 3653 545 3717; x_wconf 89' lang='lat' dir='ltr'><strong><em>discutis</em></strong></span> <span class='ocrx_word' id='word_1_369' title='bbox 562 3655 771 3738; x_wconf 74' lang='lat' dir='ltr'><strong><em>sapientiam,</em></strong></span> <span class='ocrx_word' id='word_1_370' title='bbox 792 3662 820 3717; x_wconf 88' lang='lat' dir='ltr'><strong><em>et</em></strong></span> <span class='ocrx_word' id='word_1_371' title='bbox 835 3675 902 3716; x_wconf 91' lang='lat' dir='ltr'><strong><em>non</em></strong></span> <span class='ocrx_word' id='word_1_372' title='bbox 923 3653 1094 3718; x_wconf 75' lang='lat' dir='ltr'><strong><em>concidatis.</em></strong></span> <span class='ocrx_word' id='word_1_373' title='bbox 1126 3653 1248 3720; x_wconf 83' lang='lat' dir='ltr'><strong><em>Concu-</em></strong></span> 
     </span>
     <span class='ocr_line' id='line_1_42' title="bbox 125 3736 1248 3825; baseline 0.004 -25"><span class='ocrx_word' id='word_1_374' title='bbox 125 3738 244 3820; x_wconf 78' lang='lat' dir='ltr'><strong><em>pisoite</em></strong></span> <span class='ocrx_word' id='word_1_375' title='bbox 259 3759 336 3822; x_wconf 69' lang='lat' dir='ltr'><strong><em>cryc</em></strong></span> <span class='ocrx_word' id='word_1_376' title='bbox 353 3758 513 3800; x_wconf 87' lang='lat' dir='ltr'><strong><em>sermones</em></strong></span> <span class='ocrx_word' id='word_1_377' title='bbox 528 3759 623 3816; x_wconf 87' lang='lat' dir='ltr'><strong><em>meos,</em></strong></span> <span class='ocrx_word' id='word_1_378' title='bbox 640 3736 767 3821; x_wconf 67' lang='lat' dir='ltr'><strong><em>ditique</em></strong></span> <span class='ocrx_word' id='word_1_379' title='bbox 782 3737 856 3800; x_wconf 89' lang='lat' dir='ltr'><strong><em>illos</em></strong></span> <span class='ocrx_word' id='word_1_380' title='bbox 878 3747 906 3800; x_wconf 90' lang='lat' dir='ltr'><strong><em>et</em></strong></span> <span class='ocrx_word' id='word_1_381' title='bbox 926 3737 1083 3802; x_wconf 84' lang='lat' dir='ltr'><strong><em>babebitis</em></strong></span> <span class='ocrx_word' id='word_1_382' title='bbox 1099 3739 1248 3825; x_wconf 78' lang='lat' dir='ltr'><strong><em>discipli-</em></strong></span> 
     </span>
     <span class='ocr_line' id='line_1_43' title="bbox 128 3819 1249 3906; baseline 0.003 -22"><span class='ocrx_word' id='word_1_383' title='bbox 128 3844 216 3884; x_wconf 89' lang='lat' dir='ltr'><strong><em>nam.</em></strong></span> <span class='ocrx_word' id='word_1_384' title='bbox 238 3821 327 3884; x_wconf 86' lang='lat' dir='ltr'><strong><em>lnter</em></strong></span> <span class='ocrx_word' id='word_1_385' title='bbox 337 3819 425 3902; x_wconf 86' lang='lat' dir='ltr'><strong><em>haec,</em></strong></span> <span class='ocrx_word' id='word_1_386' title='bbox 438 3841 519 3906; x_wconf 89' lang='lat' dir='ltr'><strong><em>quae</em></strong></span> <span class='ocrx_word' id='word_1_387' title='bbox 531 3841 589 3904; x_wconf 86' lang='lat' dir='ltr'><strong><em>per</em></strong></span> <span class='ocrx_word' id='word_1_388' title='bbox 601 3819 805 3885; x_wconf 82' lang='lat' dir='ltr'><strong><em>Salomonem</em></strong></span> <span class='ocrx_word' id='word_1_389' title='bbox 819 3820 969 3884; x_wconf 82' lang='lat' dir='ltr'><strong><em>dicuntur</em></strong></span> <span class='ocrx_word' id='word_1_390' title='bbox 980 3844 999 3885; x_wconf 88' lang='lat' dir='ltr'><strong><em>a</em></strong></span> <span class='ocrx_word' id='word_1_391' title='bbox 1011 3820 1164 3905; x_wconf 87' lang='lat' dir='ltr'><strong><em>Domina,</em></strong></span> <span class='ocrx_word' id='word_1_392' title='bbox 1176 3845 1249 3887; x_wconf 91' lang='lat' dir='ltr'><strong><em>con-</em></strong></span> 
     </span>
     <span class='ocr_line' id='line_1_44' title="bbox 129 3903 1399 3991; baseline 0.002 -23"><span class='ocrx_word' id='word_1_393' title='bbox 129 3904 336 3968; x_wconf 88' lang='lat' dir='ltr'><strong><em>siderandum</em></strong></span> <span class='ocrx_word' id='word_1_394' title='bbox 352 3913 409 3984; x_wconf 88' lang='lat' dir='ltr'><strong><em>est,</em></strong></span> <span class='ocrx_word' id='word_1_395' title='bbox 425 3903 510 3990; x_wconf 88' lang='lat' dir='ltr'><strong><em>quod</em></strong></span> <span class='ocrx_word' id='word_1_396' title='bbox 526 3904 578 3967; x_wconf 90' lang='lat' dir='ltr'><strong><em>hic</em></strong></span> <span class='ocrx_word' id='word_1_397' title='bbox 595 3925 722 3990; x_wconf 90' lang='lat' dir='ltr'><strong><em>quoque</em></strong></span> <span class='ocrx_word' id='word_1_398' title='bbox 738 3905 856 3968; x_wconf 90' lang='lat' dir='ltr'><strong><em>dicitur</em></strong></span> <span class='ocrx_word' id='word_1_399' title='bbox 870 3904 1001 3991; x_wconf 85' lang='lat' dir='ltr'><strong><em>regibus</em></strong></span> <span class='ocrx_word' id='word_1_400' title='bbox 1019 3916 1160 3990; x_wconf 86' lang='lat' dir='ltr'><strong><em>potestas</em></strong></span> <span class='ocrx_word' id='word_1_401' title='bbox 1175 3907 1399 3980; x_wconf 83' lang='lat' dir='ltr'><strong><em>datanom.1s,1.</em></strong></span> 
     </span>
     <span class='ocr_line' id='line_1_45' title="bbox 129 3987 1248 4077; baseline 0.002 -25"><span class='ocrx_word' id='word_1_402' title='bbox 129 4011 199 4054; x_wconf 88' lang='lat' dir='ltr'><strong><em>esse</em></strong></span> <span class='ocrx_word' id='word_1_403' title='bbox 229 4009 248 4051; x_wconf 87' lang='lat' dir='ltr'><strong><em>a</em></strong></span> <span class='ocrx_word' id='word_1_404' title='bbox 270 3989 422 4070; x_wconf 90' lang='lat' dir='ltr'><strong><em>Domino,</em></strong></span> <span class='ocrx_word' id='word_1_405' title='bbox 448 3988 532 4052; x_wconf 88' lang='lat' dir='ltr'><strong><em>sicut</em></strong></span> <span class='ocrx_word' id='word_1_406' title='bbox 554 3998 585 4052; x_wconf 90' lang='lat' dir='ltr'><strong><em>et</em></strong></span> <span class='ocrx_word' id='word_1_407' title='bbox 605 3987 810 4073; x_wconf 84' lang='lat' dir='ltr'><strong><em>praedicatur</em></strong></span> <span class='ocrx_word' id='word_1_408' title='bbox 835 3989 876 4054; x_wconf 85' lang='lat' dir='ltr'><strong><em>ab</em></strong></span> <span class='ocrx_word' id='word_1_409' title='bbox 899 3990 1054 4074; x_wconf 85' lang='lat' dir='ltr'><strong><em>apostole,</em></strong></span> <span class='ocrx_word' id='word_1_410' title='bbox 1083 3992 1248 4077; x_wconf 86' lang='lat' dir='ltr'><strong><em>quoniam:</em></strong></span> 
     </span>
     <span class='ocr_line' id='line_1_46' title="bbox 136 4071 1249 4172; baseline 0.004 -36"><span class='ocrx_word' id='word_1_411' title='bbox 136 4073 267 4154; x_wconf 87' lang='lat' dir='ltr'><strong><em>Omnis,</em></strong></span> <span class='ocrx_word' id='word_1_412' title='bbox 294 4073 413 4158; x_wconf 90' lang='lat' dir='ltr'><strong><em>inquit,</em></strong></span> <span class='ocrx_word' id='word_1_413' title='bbox 437 4081 582 4156; x_wconf 77' lang='lat' dir='ltr'><strong><em>potestas</em></strong></span> <span class='ocrx_word' id='word_1_414' title='bbox 612 4096 634 4136; x_wconf 90' lang='lat' dir='ltr'><strong><em>a</em></strong></span> <span class='ocrx_word' id='word_1_415' title='bbox 658 4072 738 4152; x_wconf 89' lang='lat' dir='ltr'><strong><em>Deo,</em></strong></span> <span class='ocrx_word' id='word_1_416' title='bbox 764 4071 901 4172; x_wconf 78' lang='lat' dir='ltr'><strong><em>ideoque</em></strong></span> <span class='ocrx_word' id='word_1_417' title='bbox 927 4090 999 4154; x_wconf 77' lang='lat' dir='ltr'><strong><em>quaet</em></strong></span> <span class='ocrx_word' id='word_1_418' title='bbox 1021 4088 1249 4154; x_wconf 70' lang='lat' dir='ltr'><strong><em>irreprehensibile</em></strong></span> 
     </span>
    </p>

    <p class='ocr_par' dir='ltr' id='par_1_7' title="bbox 131 4155 1248 4241">
     <span class='ocr_line' id='line_1_47' title="bbox 131 4155 1248 4241; baseline -0.003 -20"><span class='ocrx_word' id='word_1_419' title='bbox 131 4177 176 4234; x_wconf 88' lang='lat' dir='ltr'><strong><em>est,</em></strong></span> <span class='ocrx_word' id='word_1_420' title='bbox 203 4170 333 4222; x_wconf 73' lang='lat' dir='ltr'><strong><em>catholiea</em></strong></span> <span class='ocrx_word' id='word_1_421' title='bbox 356 4171 477 4238; x_wconf 85' lang='lat' dir='ltr'><strong><em>defendit</em></strong></span> <span class='ocrx_word' id='word_1_422' title='bbox 501 4170 619 4235; x_wconf 86' lang='lat' dir='ltr'><strong><em>eeclesia,</em></strong></span> <span class='ocrx_word' id='word_1_423' title='bbox 649 4156 731 4218; x_wconf 80' lang='lat' dir='ltr'><strong><em>sieut</em></strong></span> <span class='ocrx_word' id='word_1_424' title='bbox 756 4156 867 4220; x_wconf 75' lang='lat' dir='ltr'><strong><em>scribit</em></strong></span> <span class='ocrx_word' id='word_1_425' title='bbox 896 4155 1102 4220; x_wconf 84' lang='lat' dir='ltr'><strong><em>Marcellinus</em></strong></span> <span class='ocrx_word' id='word_1_426' title='bbox 1131 4169 1248 4241; x_wconf 75' lang='lat' dir='ltr'><strong><em>papa¹·</em></strong></span> 
     </span>
    </p>
   </div>
   <div class='ocr_carea' id='block_1_5' title="bbox 130 4296 1249 4406">
    <p class='ocr_par' dir='ltr' id='par_1_8' title="bbox 130 4296 1249 4406">
     <span class='ocr_line' id='line_1_48' title="bbox 130 4296 1249 4352; baseline 0.002 -16"><span class='ocrx_word' id='word_1_427' title='bbox 130 4296 153 4346; x_wconf 85' lang='lat' dir='ltr'><strong><em>s)</em></strong></span> <span class='ocrx_word' id='word_1_428' title='bbox 169 4299 201 4337; x_wconf 84' lang='lat' dir='ltr'><strong><em>ito</em></strong></span> <span class='ocrx_word' id='word_1_429' title='bbox 217 4297 287 4348; x_wconf 76' lang='lat' dir='ltr'><strong><em>Au9.,·</em></strong></span> <span class='ocrx_word' id='word_1_430' title='bbox 308 4300 449 4348; x_wconf 82' lang='lat' dir='ltr'><strong><em>imperarent</em></strong></span> <span class='ocrx_word' id='word_1_431' title='bbox 467 4301 486 4338; x_wconf 89' lang='lat'><strong><em>1.</em></strong></span> <span class='ocrx_word' id='word_1_432' title='bbox 554 4298 773 4351; x_wconf 83' lang='lat' dir='ltr'><strong><em>b)sxtolisntur1.</em></strong></span> <span class='ocrx_word' id='word_1_433' title='bbox 835 4299 856 4352; x_wconf 87' lang='lat' dir='ltr'><strong><em>c)</em></strong></span> <span class='ocrx_word' id='word_1_434' title='bbox 872 4300 1019 4339; x_wconf 81' lang='lat' dir='ltr'><strong><em>meminerint</em></strong></span> <span class='ocrx_word' id='word_1_435' title='bbox 1036 4301 1055 4341; x_wconf 90' lang='lat'><strong><em>1.</em></strong></span> <span class='ocrx_word' id='word_1_436' title='bbox 1118 4298 1141 4352; x_wconf 91' lang='lat' dir='ltr'><strong><em>d)</em></strong></span> <span class='ocrx_word' id='word_1_437' title='bbox 1156 4299 1212 4348; x_wconf 87' lang='lat' dir='ltr'><strong><em>quid</em></strong></span> <span class='ocrx_word' id='word_1_438' title='bbox 1229 4302 1249 4338; x_wconf 89' lang='lat'><strong><em>1.</em></strong></span> 
     </span>
     <span class='ocr_line' id='line_1_49' title="bbox 130 4355 436 4406; baseline -0.007 -10"><span class='ocrx_word' id='word_1_439' title='bbox 130 4355 152 4406; x_wconf 84' lang='lat' dir='ltr'><strong><em>e)</em></strong></span> <span class='ocrx_word' id='word_1_440' title='bbox 168 4357 201 4396; x_wconf 87' lang='lat' dir='ltr'><strong><em>ita</em></strong></span> <span class='ocrx_word' id='word_1_441' title='bbox 215 4356 271 4406; x_wconf 72' lang='lat' dir='ltr'><strong><em>Auo.</em></strong></span> <span class='ocrx_word' id='word_1_442' title='bbox 281 4369 289 4406; x_wconf 84' lang='lat'><strong><em>,·</em></strong></span> <span class='ocrx_word' id='word_1_443' title='bbox 305 4359 400 4397; x_wconf 87' lang='lat' dir='ltr'><strong><em>minime</em></strong></span> <span class='ocrx_word' id='word_1_444' title='bbox 417 4361 436 4396; x_wconf 89' lang='lat'><strong><em>1.</em></strong></span> 
     </span>
    </p>
   </div>
   <div class='ocr_carea' id='block_1_6' title="bbox 133 4467 456 4538">
    <p class='ocr_par' dir='ltr' id='par_1_9' title="bbox 133 4467 456 4538">
     <span class='ocr_line' id='line_1_50' title="bbox 133 4467 456 4538; baseline 0.012 -20"><span class='ocrx_word' id='word_1_445' title='bbox 133 4467 162 4536; x_wconf 87' lang='lat'><strong><em>1)</em></strong></span> <span class='ocrx_word' id='word_1_446' title='bbox 181 4471 328 4522; x_wconf 86' lang='lat' dir='ltr'><strong><em>Hinschius</em></strong></span> <span class='ocrx_word' id='word_1_447' title='bbox 347 4489 373 4538; x_wconf 86' lang='lat' dir='ltr'><strong><em>p.</em></strong></span> <span class='ocrx_word' id='word_1_448' title='bbox 394 4471 456 4522; x_wconf 76' lang='lat'><strong><em>222.</em></strong></span> 
     </span>
    </p>
   </div>
   <div class='ocr_carea' id='block_1_7' title="bbox 0 0 1562 4822">
    <p class='ocr_par' dir='ltr' id='par_1_10' title="bbox 0 0 1562 4822">
     <span class='ocr_line' id='line_1_51' title="bbox 0 0 1562 4822; baseline 0 0"><span class='ocrx_word' id='word_1_449' title='bbox 0 0 1562 4822; x_wconf 95' lang='lat' dir='ltr'><strong><em> </em></strong></span> 
     </span>
    </p>
   </div>
  </div>
 </body>
</html>
