3116 4822
278 411 313 462 20
466 409 517 458 DE
537 405 695 458 UNITATE
715 404 919 456 EOOLESIAE
941 403 1216 458 CONSERVANDA.

276 579 320 642 ab
342 586 474 661 aspectu
496 577 667 640 Romanae
690 574 792 654 urbis,
816 571 934 635 deinde
958 573 998 636 ab
1022 575 1169 639 omnibus
1192 575 1343 658 ecclesiis,
1366 588 1403 642 ut

281 665 323 726 iis
353 661 438 725 nibil
471 682 511 724 esc
543 659 697 739 moribus,
725 656 811 722 nibil
840 677 879 719 en
909 655 1034 740 lapibus
1064 659 1106 722 sit
1133 681 1298 724 commune
1328 685 1403 726 cum

280 743 459 822 catholicis,
483 745 640 828 quoniam
663 741 748 826 quod
769 742 805 804 in
827 739 985 824 relipione
1008 741 1125 806 divina
1138 766 1245 828 prave
1261 748 1403 810 commit·

278 832 359 894 titur
381 829 427 891 ad
447 829 610 892 iniuriam
637 825 785 890 omnibus
807 822 958 908 refertur.
1002 826 1114 910 Neque
1141 850 1216 891 uero
1246 829 1399 893 beretico-

280 937 363 993 rum,
379 912 516 997 inquit1,
538 912 709 991 dementia,
733 911 801 974 sice
824 911 1080 973 scismaticorum
1099 913 1294 994 pertinacia
1309 937 1403 978 cone·

279 1006 356 1060 tura
383 995 519 1060 ulterius
552 1003 747 1079 perpetrare
783 1014 866 1076 quae
892 995 1048 1078 repperit,
1078 1017 1181 1078 neque
1211 997 1254 1060 iis
1281 996 1400 1062 illicita

280 1081 394 1144 babere
424 1078 566 1144 concilia
594 1081 660 1142 sice
685 1075 836 1162 pr·ofana
868 1099 1006 1176 usquam
1040 1078 1152 1143 dooere
1186 1089 1244 1143 aut
1277 1081 1403 1146 discere

274 1173 458 1248 praecepta
487 1161 612 1226 licitum
639 1163 690 1241 sit,
721 1182 822 1244 neque
853 1163 1012 1224 antistites
1045 1164 1220 1228 eorundem
1254 1167 1404 1229 audeant

271 1248 384 1330 fidem,
418 1270 515 1332 quom
547 1268 614 1308 non
648 1245 774 1324 babent,
808 1245 1003 1307 insinnareb
1037 1269 1094 1310 nec
1124 1249 1301 1328 ministros,
1329 1273 1400 1312 oum

281 1334 348 1416 ipsi
370 1354 436 1396 non
452 1333 518 1394 sint
533 1331 678 1393 ministri
692 1329 767 1408 Dei,
789 1350 909 1390 creare.
946 1327 1103 1402 Quotiens
1126 1341 1242 1411 autem,
1263 1333 1402 1418 inquit²,

280 1418 319 1480 de
341 1415 499 1500 relipione
523 1415 645 1498 apitur,
669 1415 837 1499 episcopos
859 1415 1007 1476 convenit
1032 1415 1195 1496 iudicare,
1221 1417 1259 1479 in
1288 1421 1404 1482 ceteris

280 1521 354 1564 uero
377 1499 498 1578 causis,
529 1520 612 1582 quac
643 1497 688 1560 ad
710 1519 806 1559 usum
824 1497 951 1580 publici
972 1499 1059 1562 iuris
1078 1501 1253 1582 pertinent,
1275 1499 1400 1586 lapibus

281 1592 406 1666 oportet
421 1591 652 1665 optemperare.
685 1578 877 1644 Constituit⁸
900 1581 995 1645 etiam
1018 1581 1103 1646 idem
1119 1583 1278 1647 Arcadius
1300 1587 1398 1670 impe-

280 1675 368 1730 rator
397 1687 470 1729 oum
498 1665 595 1728 fratre
624 1686 682 1728 suo
704 1663 859 1744 Honorio,
888 1686 990 1750 aeque
1015 1664 1171 1730 catholieo
1197 1669 1241 1730 im
1267 1677 1403 1750 erstore,

280 1749 417 1816 ecclesia
443 1749 654 1834 supplicante,
684 1757 728 1831 ut,
757 1749 914 1832 quioquid
943 1773 964 1811 a
986 1750 1073 1814 diois
1091 1690 1305 1836 principiius
1326 1776 1404 1818 oon-

280 1837 424 1899 stitutum
447 1843 501 1915 est,
525 1833 572 1898 cel
594 1835 624 1897 si
646 1856 729 1918 quae
744 1831 870 1918 simpuli
893 1835 1011 1918 quique
1027 1837 1189 1898 antistites
1206 1857 1273 1920 pro
1290 1841 1401 1902 causis

281 1919 505 1983 ecclesiasticis
527 1920 756 2001 impetrarant,
779 1917 836 1980 sub
853 1940 967 2002 poena
989 1918 1160 2004 sacrilepii
1189 1919 1404 1985 aeternaliter

281 2011 518 2078 conserventur.
553 2001 698 2083 Quorum
720 2023 803 2064 unus
825 2003 956 2064 antistes
971 2001 1144 2083 Romanus,
1168 2002 1291 2068 scilieet
1305 2005 1400 2068 Boni-

279 2087 390 2166 faoius,
423 2086 572 2170 seripsiu
600 2086 684 2149 inter
712 2092 818 2148 cetera
846 2084 888 2148 ad
917 2083 1055 2149 eundem
1084 2087 1264 2152 Honorium
1292 2089 1401 2154 verbis

281 2169 496 2255 supplicibus:
518 2185 593 2250 Ipso,
613 2168 771 2252 inquiens,
789 2183 897 2233 ecclesia
910 2183 1072 2236 devotionem
1085 2193 1167 2248 tuam,
1184 2187 1403 2240 christianissime

281 2259 432 2326 imperator,
451 2276 506 2310 meo
536 2257 642 2322 quidem
666 2273 792 2320 sermone,
822 2256 868 2306 sed
896 2273 943 2306 suo
975 2258 1120 2309 venerabili
1148 2261 1266 2326 appellat
1295 2263 1402 2327 affectu,

281 2349 359 2398 quam
373 2331 491 2382 Cirr-istus
505 2330 579 2380 Deus
595 2337 690 2391 noster,
711 2327 791 2380 uestri
802 2329 878 2394 fidus
891 2337 975 2379 rector
994 2339 1018 2382 et
1035 2331 1197 2398 qubcrnator
1215 2334 1327 2399 imperii,
1348 2335 1397 2386 uni

281 2405 466 2471 desponsatam
486 2404 536 2454 sibi
555 2409 578 2454 et
596 2404 724 2454 intactam
743 2401 870 2469 crispinam
890 2411 986 2466 seruat,
1009 2421 1042 2454 ne
1060 2405 1089 2454 in
1108 2421 1165 2455 eam
1188 2405 1290 2472 aliquos
1305 2409 1401 2474 patia-

280 2477 346 2528 mini
363 2476 549 2528 insidiantium
564 2477 744 2541 prooellarum
755 2477 855 2542 fluctus
868 2475 945 2538 illidi,
965 2483 989 2527 et
1001 2477 1115 2542 quietam
1123 2479 1226 2544 faciem
1239 2481 1401 2546 tempestatis

282 2551 402 2602 insolitae
416 2559 515 2601 tumore
528 2549 641 2612 turbari,
654 2547 839 2616 gloriosissime
852 2553 875 2598 et
889 2550 1104 2614 tranquillissime
1116 2552 1260 2616 imperator
1278 2563 1401 2622 enpuste,

281 2626 312 2682 et
343 2627 459 2698 cetera,
493 2615 609 2703 quibus
638 2617 724 2681 idem
753 2636 838 2701 papa
864 2627 1023 2699 precatur,
1052 2627 1088 2681 ut
1114 2639 1134 2680 a
1159 2621 1307 2706 principe
1325 2621 1397 2686 ‘hoo

281 2724 410 2788 quoque
439 2701 658 2782 constituatur,
687 2701 835 2786 quatinus
864 2701 897 2761 in
923 2701 1001 2765 urbe
1022 2700 1126 2764 Roma
1152 2724 1317 2802 nunquam
1339 2727 1401 2790 per

279 2784 436 2851 ambitum
458 2785 590 2848 antistes
607 2785 806 2862 ordinetur03
830 2783 883 2846 oui
905 2784 988 2848 inter
1009 2783 1072 2848 alia
1093 2788 1274 2871 rescrips1t⁵
1298 2790 1398 2874 impe-

280 2879 366 2934 rator
395 2869 571 2933 Honorius:
605 2884 688 2947 Illud,
718 2867 875 2953 inquienS,
907 2882 1005 2948 pietati
1035 2893 1141 2935 nostrae
1172 2887 1238 2936 satis
1264 2886 1402 2952 placuisse

280 2977 412 3026 capnosoe,
432 2959 502 3024 quod
521 2957 696 3007 sanctimonia
714 2965 802 3008 oestro
821 2954 933 3007 sollicita
952 2965 989 3007 est
1007 2957 1040 3008 de
1053 2957 1221 3009 ecclesiarum
1241 2969 1287 3010 out
1300 2960 1402 3026 populi

277 3032 487 3098 perturbatione.
525 3029 643 3080 Proinde
671 3032 791 3082 volumus
816 3029 846 3081 id
870 3029 906 3080 ud
929 3037 1081 3080 cunctorum
1099 3031 1253 3084 clericorum
1278 3033 1399 3085 notitiam

278 3104 426 3170 peruenire,
451 3109 481 3153 ut
499 3102 586 3154 sciant
605 3119 701 3167 omnes,
728 3103 761 3154 ab
780 3101 966 3154 ambitionibus
986 3119 1041 3154 esse
1060 3105 1231 3168 cessandum·
1251 3124 1282 3158 ac
1301 3107 1325 3157 si
1343 3108 1400 3158 duo

281 3185 372 3228 contra
378 3179 429 3243 fas
442 3177 583 3228 temeritate
596 3183 772 3228 concertantes
781 3171 795 3212 d
801 3175 907 3241 fuerint
921 3176 1047 3239 ordinati,
1060 3179 1161 3228 nullum
1179 3195 1211 3230 eu
1224 3179 1400 3244 bisfnturum

276 3251 385 3316 penitus
409 3249 578 3312 sacerdotem,
604 3249 651 3300 sed
675 3250 749 3301 illum
775 3250 858 3300 solum
881 3249 910 3298 in
936 3249 996 3300 sede
1023 3250 1167 3315 apostolica
1180 3269 1400 3318 permansurum,

281 3340 357 3390 quem
377 3340 408 3375 cu
426 3340 536 3373 numero
555 3321 708 3374 clericorum
726 3339 796 3374 noca
815 3321 984 3373 ordinatione
1003 3321 1124 3374 diuinum
1142 3325 1270 3376 iudicium
1294 3333 1318 3376 et
1337 3327 1397 3376 uni·

281 3396 412 3448 versitatis
432 3413 572 3447 consensus
592 3397 704 3462 elegerit.
743 3395 816 3446 Unde
835 3395 864 3445 id
883 3395 1077 3446 obseruandum
1096 3405 1140 3460 est,
1167 3407 1197 3448 ut
1216 3415 1303 3450 omnes
1324 3407 1399 3449 tran-

282 3469 393 3535 quillam
416 3478 525 3521 mentem
551 3477 574 3519 et
593 3469 720 3534 pacificos
746 3469 847 3520 animos
872 3484 904 3518 erc
929 3469 1077 3520 serenitatis
1097 3479 1203 3524 nostrae
1222 3473 1402 3524 admonitione

282 3541 441 3605 custodiant,
460 3559 507 3593 neo
524 3542 628 3606 aliquid
646 3540 775 3593 seditiosis
795 3540 1033 3606 conspirationibus
1047 3551 1173 3610 temptare
1189 3555 1323 3608 conentur,
1340 3563 1401 3596 cum

283 3623 380 3667 certum
399 3613 441 3679 sit,
459 3615 530 3666 nulli
541 3615 664 3681 partium
683 3632 734 3665 sua
753 3613 843 3665 studia
856 3613 1013 3680 profutura.

364 3683 412 3746 10.
442 3681 533 3746 Haeo
549 3703 652 3766 pauca
665 3681 705 3745 de
717 3680 864 3766 plurimis
879 3681 1160 3748 constitutionibus
1175 3684 1402 3750 ecclesiasticis

283 3767 350 3832 sive
362 3766 498 3830 Honorii
509 3766 577 3829 sive
588 3764 720 3830 Arcadii
731 3766 960 3849 imperatorum
972 3767 1112 3852 exempli
1120 3769 1225 3853 gratia
1233 3770 1402 3856 descripsi-

283 3939 305 3991 u)
323 3941 456 3980 continetur
473 3943 498 3989 ις
515 3941 593 3983 cuent.
610 3939 636 3980 G.
697 3936 722 3988 b)
738 3937 844 3977 minuere
861 3939 884 3987 ¹3
900 3940 979 3979 emend.
997 3939 1107 3982 stravius.
1160 3939 1181 3992 e)
1200 3944 1291 3984 ordinet
1307 3946 1326 3996 1,
1343 3943 1403 3992 quoa

282 4001 325 4039 iam
341 3999 367 4039 θ.
384 3999 508 4040 emendarit.
570 3996 593 4049 d)
610 3999 641 4037 ita
657 3997 759 4046 11333313,Ι
776 3998 956 4037 concertantium
974 4000 994 4038 1.

284 4141 311 4204 1)
333 4142 439 4192 Ibidem
458 4145 500 4192 m.
515 4143 546 4204 v,
565 4141 583 4191 1.
598 4141 642 4191 24.
710 4139 739 4205 2)
758 4139 864 4190 niuem
883 4142 926 4190 m.
940 4141 988 4194 xu
1058 4139 1088 4207 3)
1108 4142 1213 4193 niuem
1232 4150 1251 4194 i.
1266 4145 1304 4207 11,
1316 4107 1342 4195 ⁷1.
1356 4144 1404 4196 47.

282 4216 361 4266 Haec
379 4215 424 4265 lex
443 4231 459 4264 a
478 4214 669 4266 Valentiniano
691 4219 718 4264 et
736 4214 889 4265 Theodosio
909 4213 966 4263 lats
985 4221 1034 4266 est.
1109 4216 1138 4278 4)
1165 4216 1290 4282 Epistula
1309 4217 1404 4268 deere-

281 4295 369 4338 torum
398 4303 483 4353 pupae
510 4288 644 4337 Bonifucii
673 4287 707 4338 ud
733 4288 882 4338 Honorium
910 4293 1050 4352 augustum
1077 4303 1121 4355 up.
1148 4289 1309 4341 Hinschium
1337 4291 1356 4341 l.
1378 4307 1405 4342 o.

282 4378 309 4426 p.
330 4359 392 4410 554.
468 4356 497 4424 ὅ)
517 4360 632 4412 Ibidem.
