3098 4818
305 400 340 452 98
590 397 713 450 BRUNO
733 396 784 448 DE
803 396 925 448 BELLO
945 394 1138 447 saxorum.

229 577 529 650 nueonvenerant,
562 567 688 652 magnis
720 576 752 630 et
782 565 900 650 parvis,
933 564 1044 627 audire
1076 561 1195 628 liceret.
1249 561 1319 625 Iam
1348 584 1431 626 vero

229 641 252 680 Γ
250 642 293 684 ὼ·
304 651 450 718 sedentes
471 675 514 716 ex
534 661 669 737 utraque
692 659 783 736 parte
806 649 862 713 diu
883 648 1047 729 tacebant3
1078 647 1154 732 quia
1176 655 1208 710 et
1228 647 1340 728 nostri,
1371 646 1431 745 qui

303 737 407 821 rogati
434 734 495 800 illis
523 744 725 816 ocurrerant,
755 732 833 820 quid
861 731 906 796 illi
927 731 1046 795 vellent
1067 730 1297 816 expectabant3
1328 738 1359 794 et
1380 727 1431 794 rlli

303 843 368 885 non
397 841 431 884 se
457 840 589 905 rogasse
616 827 758 898 nostros,
788 816 845 882 sed
874 815 991 880 nostris
1020 825 1150 899 rogatos
1175 816 1302 879 venisse
1324 813 1430 878 videri

303 903 457 984 volentes,
473 901 586 988 quida
599 903 715 967 nostris
730 911 893 987 peteretur
902 898 1135 964 auscultabant.
1169 898 1315 963 Tandem
1325 900 1431 963 nostri

302 995 488 1074 rumpentes
503 985 673 1067 silentium,
695 996 732 1050 ut
745 985 887 1049 omnium
902 984 1022 1048 faceret
1036 982 1182 1064 verbum,
1198 981 1429 1048 Gevehardum

302 1075 464 1159 petierumt
493 1069 759 1156 Salzburgensem
788 1069 1076 1154 archiepiscopum.
1124 1068 1188 1146 Qui
1217 1089 1361 1150 surgens,
1390 1078 1430 1132 ut

303 1164 373 1220 erat
396 1157 448 1220 vir
476 1177 535 1240 per
564 1155 672 1218 omnia
701 1153 844 1239 prudens
874 1163 906 1216 et
931 1152 1099 1232 honestus,
1129 1160 1161 1214 et
1187 1150 1301 1215 honori
1329 1173 1428 1238 quem

304 1239 437 1324 gerebat
458 1261 523 1303 non
544 1239 712 1302 minimum
733 1237 899 1302 conferens
914 1235 1053 1316 honoris,
1068 1233 1161 1298 vultu
1175 1235 1331 1317 modeste,
1347 1255 1430 1300 voce

302 1323 469 1404 mediocri,
492 1345 619 1387 sensum
642 1321 785 1408 profudit
805 1343 841 1384 sa
864 1319 959 1384 ientis
981 1328 1013 1384 et
1034 1321 1081 1406 pii
1103 1319 1258 1405 pectoris:

389 1409 459 1472 127.
503 1407 671 1492 ‘Episcopi
685 1404 835 1469 venerab’
850 1427 883 1468 es
905 1404 1067 1488 ceterique
1090 1423 1171 1489 quos
1185 1401 1301 1467 videtis
1315 1401 1430 1467 adesse

302 1491 466 1576 principes
482 1491 645 1564 Saxoniei,
665 1488 747 1553 hanc
764 1510 895 1574 operam
910 1487 1008 1552 michi
1023 1486 1147 1572 dignati
1162 1496 1237 1550 eunt
1250 1487 1429 1571 imponere,

303 1583 460 1660 quatenus
481 1575 605 1638 animos
627 1575 769 1637 omniurn
792 1574 856 1636 mei
878 1572 1033 1636 sermonis
1056 1570 1162 1634 officio
1184 1570 1319 1635 debeam
1334 1571 1430 1636 vobis

304 1678 475 1742 exponere.
519 1653 614 1722 Unde
635 1679 695 1721 vos
718 1678 838 1738 omnes,
862 1655 1045 1720 sacerdotes
1068 1655 1172 1719 sancti
1187 1655 1349 1740 ceterique
1364 1655 1430 1740 pri·
1519 1723 1520 1730 χ

303 1751 405 1806 mates
427 1742 546 1823 eximii,
568 1751 696 1826 rogatos
719 1762 788 1804 esse
809 1739 893 1821 volo,
922 1749 958 1804 ut
986 1761 1037 1804 me
1065 1738 1241 1824 dignemini
1270 1739 1430 1824 patienter

304 1825 425 1906 audire,
449 1835 481 1889 et
501 1846 616 1888 causae
638 1825 811 1906 communi,
835 1844 932 1910 quam
948 1845 1019 1887 sum
1034 1823 1140 1886 iussus
1156 1844 1262 1906 agere,
1284 1823 1429 1886 animum

303 1920 374 1974 tran
398 1907 524 1991 uillum,
554 1931 618 1995 quo
647 1931 760 1973 verum
790 1917 985 1993 agnoscere·
1014 1918 1046 1972 et
1074 1908 1259 1970 examinare
1287 1907 1430 1991 possitis,

304 1931 475 2074 adhibere3
500 1994 577 2080 quia
596 2014 662 2056 non
682 1991 754 2078 plus
777 2001 886 2055 nostra
904 2013 1002 2076 quam
1016 2000 1133 2072 vestra,
1156 1991 1183 2054 si
1204 1989 1311 2071 vultis,
1333 1992 1431 2054 inter·

304 2085 362 2158 est,
385 2099 468 2163 quae
490 2099 562 2140 sum
583 2075 725 2140 dictmus
740 2097 924 2161 agnoscere.
958 2073 1073 2139 Vestro
1087 2075 1231 2160 ipsorum
1245 2075 1429 2139 testimonio

304 2160 440 2224 fidenter
461 2161 637 2240 innitimur,
660 2162 737 2245 quia
757 2181 825 2242 vos,
848 2159 997 2245 quamvis
1019 2180 1039 2222 a
1060 2168 1169 2222 nostra
1190 2159 1342 2223 societate
1365 2157 1429 2222 dis-

306 2246 469 2322 cessistis,
486 2265 507 2306 a
537 2244 681 2308 veritatis
713 2265 822 2309 amore
854 2263 919 2306 non
951 2241 1117 2306 discedere
1150 2241 1357 2306 confidimus:
1386 2283 1429 2292 -

305 2337 421 2408 vestro,
443 2329 584 2412 inquam,
607 2328 787 2392 testimonio
809 2326 947 2412 probare
961 2325 1120 2408 volumus,
1142 2327 1269 2412 quantis
1292 2327 1429 2409 iniuriis,

306 2412 434 2497 quantis
456 2409 657 2475 contumeliis
679 2411 779 2474 simus
800 2411 914 2492 affecti,
944 2410 1020 2474 dum
1050 2419 1117 2474 toto
1139 2410 1256 2493 animo,
1285 2418 1352 2475 tota
1373 2431 1430 2474 vo·

304 2495 436 2573 luntate,
465 2495 549 2559 sicut
573 2494 717 2575 decebat,
746 2496 831 2580 regis
853 2516 980 2559 eramus
1009 2495 1140 2558 servitio
1169 2493 1316 2558 subiecti.
1359 2495 1428 2559 Vos

304 2580 370 2664 ipsi
392 2579 489 2660 scitis,
513 2579 660 2678 quotiens
682 2578 867 2665 singillatim
885 2576 937 2642 vel
959 2579 1171 2642 communiter
1184 2586 1328 2642 vestrum
1349 2579 1430 2664 peti-

305 2664 413 2727 vimus
434 2662 601 2745 auxillum,
629 2684 692 2749 quo
720 2685 779 2749 pro
808 2661 958 2726 benivola
985 2663 1138 2727 servitute
1163 2671 1272 2726 nostra
1293 2660 1347 2726 vel
1367 2661 1430 2726 hoo

306 2770 349 2812 ex
368 2748 594 2812 intercessione
615 2757 723 2810 vestra
743 2746 891 2812 redderet
910 2745 1004 2810 nobis
1026 2747 1214 2831 praemium,
1242 2756 1278 2810 ut
1304 2768 1324 2808 a
1349 2744 1429 2809 mul-

306 2841 421 2912 tarum,
444 2853 526 2917 quae
548 2852 607 2894 nos
629 2829 847 2916 importabiles
869 2829 1069 2915 premebant,
1095 2829 1217 2894 levaret
1237 2829 1325 2894 fasce
1347 2829 1428 2894 cala-

306 2915 463 2979 mitatum.
513 2914 586 2978 Hoc
613 2915 689 3000 quia
716 2936 811 3000 saepe
841 2912 1089 3000 postulavimus,
1124 2915 1244 2999 optime
1270 2915 1370 2996 seitis3
1397 2923 1430 2977 et

308 2998 387 3084 quid
419 2997 610 3083 postulando
642 2997 847 3083 profecimus,
880 2996 1027 3062 similiter
1059 2998 1178 3083 optime
1207 2998 1305 3061 scitis.
1348 2997 1429 3062 Inde

305 3103 365 3145 vos
396 3102 462 3144 non
488 3083 683 3162 incusamus,
717 3083 794 3167 quia
820 3103 878 3145 vos
910 3103 970 3167 pro
1001 3090 1111 3145 nostra
1142 3103 1248 3164 causa,
1282 3083 1429 3166 quamvis

306 3186 423 3250 parum
444 3164 537 3228 nobis
557 3164 733 3249 prodesset,
755 3187 850 3250 saepe
864 3165 1028 3230 laborasse
1043 3186 1082 3228 co
1106 3165 1286 3230 novimusl’.
1326 3165 1429 3245 Quale

306 3268 385 3313 vero
407 3249 585 3332 praemium
607 3256 734 3312 nostrae
750 3249 913 3313 devotioni
928 3248 1052 3313 dederit
1099 3249 1223 3330 timum,
1269 3249 1325 3312 uid
1347 3271 1428 3333 opus

307 3340 356 3396 est
378 3330 494 3413 dicere,
516 3352 589 3394 cum
603 3331 807 3396 manifestum
823 3342 871 3396 est
885 3331 985 3396 oculis
1000 3333 1152 3415 omnium,
1174 3270 1326 3418 quiaboc
1365 3332 1429 3397 uod

306 3414 420 3480 habuit
450 3417 646 3498 maximum,
683 3416 776 3480 nobis
808 3416 956 3501 rependit
987 3426 1176 3480 extremum.
1237 3355 1428 3482 Sacerdotes

306 3520 446 3586 namque
466 3519 532 3562 non
553 3499 656 3564 solum
678 3499 718 3564 de
740 3499 826 3563 nullo
849 3501 981 3564 crimine
997 3501 1169 3582 convictos,
1191 3499 1248 3563 sed
1263 3523 1322 3564 nec
1337 3523 1428 3586 regu·

306 3581 415 3647 lariter
435 3591 612 3664 accusatos,
638 3585 749 3647 autin
770 3583 900 3648 vincula
922 3585 1006 3648 siout
1032 3581 1170 3648 latrones
1198 3585 1343 3664 coniecit,
1373 3593 1429 3648 aut

307 3689 328 3730 a
349 3665 480 3730 sedibus
501 3667 575 3744 suis,
603 3688 683 3752 quos
704 3671 818 3753 capere
839 3689 905 3731 non
925 3676 1060 3752 poterat,
1084 3668 1227 3730 omnium
1248 3690 1355 3731 rerum
1378 3690 1428 3732 su-

307 3770 400 3812 arum
421 3748 525 3813 nudos
541 3750 709 3836 effugavit3
732 3749 939 3815 ecelesiarum
960 3751 1055 3832 bons,
1101 3750 1196 3814 uibus
1218 3752 1327 3836 episco
1351 3751 1428 3816 ivel

306 3833 371 3918 ipsi
392 3833 501 3897 vivere
523 3833 577 3897 vel
604 3855 763 3920 pauperes
784 3834 848 3899 Dei
876 3843 1052 3898 sustentare
1078 3773 1240 3917 deberent,
1271 3774 1428 3900 scelbrum

307 3936 437 3981 suorum
470 3915 649 3983 fautoribus
682 3917 868 4003 dissipanda
900 3919 1064 3982 concessit.
1120 3918 1254 4002 Terram
1286 3929 1427 3983 nostram

307 3999 416 4065 multis
437 4001 502 4064 iam
525 4001 650 4066 vicibus
672 4002 740 4086 igni
760 4003 907 4088 ferroque
929 4002 1082 4084 vastavit;
1105 4011 1259 4100 cognatos
1282 4004 1349 4068 sive
1371 4003 1428 4066 mi-

307 4085 379 4148 lites
401 4095 527 4150 nostros
548 4085 581 4148 in
602 4087 719 4149 nostris
742 4086 859 4150 finibus
880 4085 1072 4150 innocentes
1088 4084 1216 4167 occrdit,
1246 4107 1319 4150 cum
1341 4085 1429 4153 nulla

307 4167 422 4233 fuisset
443 4169 473 4232 ei
495 4189 595 4232 eausa
624 4168 789 4251 bellorum,
815 4169 877 4233 nisi
903 4169 989 4256 quod
1019 4181 1127 4234 s'ervos
1155 4169 1274 4236 habere
1300 4169 1430 4236 volebat

307 4249 390 4315 filios
411 4250 576 4315 hominum
597 4251 781 4319 liberorum.
825 4253 929 4339 Saepe
951 4254 1067 4339 ipsum,
1090 4275 1144 4317 sae
1169 4275 1263 4318 evos
1285 4254 1428 4338 singulos

308 4343 342 4398 et
362 4335 528 4398 universos
550 4335 738 4420 suppliciter
760 4339 931 4419 oravimus,
953 4348 989 4404 ut
1010 4335 1118 4422 gladio
1136 4275 1282 4424 ‹leposito
1297 4359 1427 4403 eausam

309 4455 333 4508 ι)
349 4468 371 4499 ι.
388 4461 411 4498 et
425 4459 501 4498 duum
518 4461 538 4499 t.
555 4454 589 4500 1¹³.
650 4459 674 4511 b)
688 4441 825 4522 agnovimus
841 4463 861 4503 8.
