3098 4818
269 327 304 376 28
401 371 406 380 .
554 327 677 379 BBUNO
696 327 746 378 DE
765 327 886 380 BELLO
907 328 1098 381 SAXONIOO.

193 516 259 560 rou.
270 495 382 580 Ipsius
396 493 521 560 castelli
534 496 591 561 ubi
605 497 684 561 laec
700 505 775 561 acte
789 507 866 562 suut
880 498 1125 561 destructionem
1139 494 1227 560 uulli
1240 503 1388 560 uestrum

270 580 399 644 credere
410 579 522 660 voluit,
537 582 593 645 sed
608 582 694 644 hauc
710 603 842 665 operam
857 585 928 646 suis
934 579 1101 666 famulis⁸
1117 590 1146 645 et
1150 579 1389 666 familiaribus

270 665 438 746 iuiuaroit;
466 667 526 749 qui
552 664 751 751 aeplipeutee
778 674 807 728 et
831 667 945 752 pipri,
972 687 1035 750 quo
1065 667 1162 729 citius
1185 667 1272 752 quod
1293 677 1389 732 eraut

270 749 355 811 iussi
378 758 587 833 peragerent,
618 772 725 814 omues
753 751 894 815 rusticos
921 751 979 835 qui
1004 751 1041 812 iu
1063 747 1124 813 illu
1145 751 1272 814 uicinia
1294 761 1389 815 eraut

271 833 443 896 coueeuire
455 832 620 916 feceruut,
643 842 672 896 et
692 835 739 896 eis
762 833 957 898 demoliendi
979 833 1106 898 castelli
1121 843 1311 917 potestatem
1333 837 1386 908 de-

271 915 400 979 deruut.
447 917 580 980 Rustici
606 940 691 997 uero,
720 919 805 982 sicut
832 919 950 982 rustici
978 918 1122 1002 imperiti
1151 927 1179 980 et
1209 918 1249 981 ab
1279 920 1388 984 eodem

271 997 399 1063 castello
421 1000 524 1064 multa
544 1000 635 1064 mola
651 1024 716 1086 per
740 1003 813 1084 essi,
837 1025 909 1066 cum
930 999 1043 1065 uultus
1065 1002 1192 1065 adesset
1213 1003 1271 1087 qui
1292 1005 1387 1068 casti-

270 1091 374 1168 paret,
397 1083 501 1148 uiclil
521 1087 559 1148 iu
580 1085 653 1170 ipso
675 1023 803 1150 oolircre
824 1083 980 1171 relinqui,
1007 1085 1090 1170 quob
1119 1088 1237 1150 iterum
1264 1087 1388 1152 deberet

270 1169 436 1231 reuocari.
487 1167 603 1232 Postea
635 1171 770 1254 saepius
800 1171 931 1234 domiuo
962 1177 1073 1232 nostro
1101 1171 1174 1254 repi
1195 1169 1388 1254 lepatiouem

271 1253 355 1314 sicut
383 1251 519 1314 humiles
549 1255 635 1316 servi
661 1276 734 1316 cum
761 1255 864 1318 multa
892 1253 1133 1336 supplicatione
1164 1256 1323 1334 misimus,
1352 1265 1389 1318 ut

271 1337 302 1399 si
323 1335 404 1419 quid
424 1337 461 1398 iu
484 1335 546 1399 illa
566 1337 615 1400 uel
637 1337 779 1421 qualibet
799 1361 904 1402 causa
926 1346 1040 1400 coutru
1062 1359 1134 1400 eum
1149 1336 1271 1420 fecisse
1297 1339 1386 1402 uide-

270 1441 391 1499 remur,
416 1421 611 1504 principum
638 1443 773 1484 suorum
800 1423 926 1485 iudicio
955 1421 1005 1484 uel
1031 1421 1184 1506 uepaudo
1206 1421 1255 1484 uel
1283 1443 1386 1486 emeu·

271 1502 385 1566 claudo
412 1502 687 1649 satisfaceremus.
741 1503 848 1578 Quam
874 1505 1068 1590 lepatiouem
1097 1507 1178 1590 quia
1212 1505 1319 1568 adhue
1351 1515 1388 1568 ut

272 1585 420 1670 accipere
447 1610 483 1650 oe
496 1585 537 1649 let
565 1587 691 1651 rullius
719 1588 847 1654 auocilio
882 1591 1021 1654 obtinere
1047 1592 1234 1674 potuimus,
1261 1599 1387 1655 uestrae

250 1671 441 1733 sanctitati
462 1669 560 1734 simul
583 1695 691 1751 omues
700 1673 841 1758 pedibus
856 1676 970 1737 uestris
986 1673 1132 1736 advoluti
1149 1695 1187 1735 su
1208 1670 1387 1757 plicamus,

270 1761 307 1815 ut
327 1753 420 1816 uobis
446 1755 533 1819 iram
563 1755 689 1820 domiui
715 1760 821 1822 uostri
846 1760 935 1843 repis
963 1758 1116 1841 mitipare
1141 1779 1177 1820 ue
1190 1758 1262 1837 itis,
1295 1758 1388 1840 eique

271 1837 420 1918 suadere,
442 1847 479 1902 ut
499 1841 587 1923 quod
609 1841 671 1903 uui
682 1839 814 1924 faceret
835 1842 969 1920 homiui,
990 1839 1107 1924 facere
1130 1842 1285 1926 dipuetur
1311 1843 1386 1905 uui-

270 1943 382 1985 uersoe
403 1925 502 2008 penti,
526 1925 646 1988 scilicet
667 1928 827 2010 ueprius
848 1947 908 1989 uos
928 1924 1051 2008 furore
1077 1923 1188 1989 bellico
1218 1925 1388 1990 devastare

271 2014 422 2090 quaerat,
452 2030 549 2092 quom
571 2031 631 2072 uos
658 2031 768 2072 coram
789 2009 1003 2093 principibus
1035 2011 1104 2072 suis
1137 2011 1330 2073 criminosos
1359 2018 1388 2074 et

271 2091 393 2152 crimea
415 2092 586 2155 emendare
608 2091 750 2156 uolentes
773 2095 929 2157 ostendat.
973 2091 1188 2156 Securitatem
1210 2115 1309 2178 quam
1330 2115 1387 2156 uos

271 2180 300 2235 et
322 2171 384 2236 alii
401 2176 575 2260 principes
597 2178 667 2240 eius
688 2177 862 2258 iusseritis,
887 2200 907 2239 a
929 2177 1022 2240 uobis
1039 2178 1192 2259 accipiat,
1215 2185 1251 2239 ut
1267 2178 1312 2240 ad
1326 2199 1387 2241 uos

270 2257 340 2320 siue
362 2257 439 2320 bello
462 2261 585 2340 oeuiat,
608 2269 636 2322 et
657 2269 759 2324 oestro
782 2283 841 2324 uos
855 2261 980 2324 iudicio
995 2260 1044 2323 uel
1061 2261 1196 2343 puuiat,
1220 2263 1249 2324 si
1267 2263 1386 2324 merui-

269 2362 355 2420 mus,
382 2339 432 2404 uel
459 2343 496 2405 iu
519 2364 604 2426 poce
633 2367 705 2406 cum
733 2341 846 2429 pratia
873 2367 936 2408 sua
962 2345 1114 2425 dimittat,
1143 2345 1173 2407 si
1199 2345 1388 2408 inuoceutes

269 2423 395 2486 inuenti
406 2424 588 2508 fuerimus.
631 2427 695 2492 Sia
717 2429 775 2491 leoc
797 2427 966 2508 uoluerit⁰‚
989 2429 1027 2492 iu
1050 2427 1193 2513 quelibet
1213 2430 1312 2512 rapui
1333 2430 1387 2492 sui

265 2517 365 2591 parte
390 2512 564 2596 principes
593 2535 669 2576 suos
698 2515 869 2576 conuenire
902 2513 1027 2592 iubeat,
1056 2521 1085 2576 et
1112 2533 1318 2597 quoscunque
1347 2533 1388 2576 eoo

270 2592 364 2656 uobis
385 2596 497 2660 adesse
519 2597 666 2677 uoluerit,
689 2599 736 2660 eis
757 2597 859 2660 euudi
883 2595 1067 2660 redeundid
1096 2597 1298 2659 securitatem
1327 2597 1385 2660 tri·

268 2679 356 2760 luat,
371 2689 400 2742 et
415 2681 573 2766 quicquid
587 2703 643 2744 uos
654 2680 883 2744 iudicaveritis
896 2680 934 2742 de
945 2679 1252 2762 uolisfooieudum,
1259 2679 1386 2763 faciat.

269 2763 359 2828 Hoc⁰
382 2765 487 2850 ipitur
508 2765 640 2828 domiuo
664 2773 774 2828 uestro
796 2765 971 2850 suppetiis,
994 2772 1023 2825 et
1044 2764 1075 2826 ei
1096 2785 1162 2846 pro
1184 2763 1250 2826 Dei
1272 2765 1386 2828 timore

267 2848 409 2928 suadete,
431 2857 467 2911 ut
481 2872 540 2913 uos
554 2849 697 2912 homiues
712 2871 778 2911 esse
793 2851 917 2934 copitet,
940 2869 980 2910 ue
996 2848 1041 2910 ad
1052 2847 1237 2930 periculum
1254 2849 1387 2911 auimoe

224 2989 228 2998 .
266 2953 348 2994 suae
370 2954 429 2995 uos
450 2934 636 2996 innocentes
653 2933 793 3015 perdere
809 2932 976 2996 desideret.
1020 2931 1060 2997 Si
1081 2940 1189 2994 uestra
1204 2929 1387 2994 sublimitas

171 3014 174 3020 ’
261 3016 369 3100 pipra
390 3015 439 3078 oel
459 3018 569 3080 miuus
585 3018 651 3101 pia
672 3017 709 3078 iu
732 3017 784 3078 lis
807 3017 947 3100 upeudis
964 3015 1085 3100 fuerit,
1114 3015 1297 3084 districtum
1319 3015 1386 3078 Dei

265 3098 427 3162 iudicium
449 3108 580 3163 uostras
602 3101 732 3163 auimas
755 3123 777 3162 a
798 3099 888 3162 vobis
909 3102 1039 3185 suipere
1062 3099 1197 3163 dolebit.
1240 3097 1386 3171 Quodsi

265 3191 405 3246 oestrum
421 3185 518 3265 pium
540 3184 712 3248 consilium
734 3205 793 3246 reoo
803 3183 956 3266 forsitan
974 3183 1092 3247 audire
1110 3181 1261 3262 uoluerit,
1284 3204 1383 3267 ropa-

264 3289 336 3330 mus
357 3289 414 3330 uos
429 3276 459 3329 et
474 3267 686 3347 obsecramus,
708 3275 744 3329 ut
758 3267 871 3330 saltem
885 3289 941 3330 uos
957 3277 985 3330 et
999 3276 1119 3330 uestros
1134 3269 1385 3330 instrumentum

265 3351 320 3414 sui
331 3350 469 3435 furoris
496 3351 613 3416 labere
640 3374 708 3415 uou
730 3353 837 3435 possit
844 3374 856 3433 ;
883 3374 922 3414 ue
952 3351 1030 3414 dum
1042 3351 1164 3434 furori
1193 3352 1263 3414 eius
1284 3350 1382 3412 miui-

263 3437 385 3515 stratis,
400 3437 487 3500 vitae
502 3434 644 3500 vestraer
659 3445 687 3498 et
702 3437 833 3499 animae
840 3435 1024 3518 periculum
1039 3435 1234 3499 incurratis.
1269 3433 1385 3497 Valete.

347 3520 398 3583 43.
441 3520 592 3584 Eundem
613 3541 743 3582 sensum
765 3519 962 3582 continentes
984 3516 1036 3582 vel
1057 3516 1170 3580 litteris
1196 3515 1248 3581 vel
1276 3516 1384 3582 verbis

261 3600 438 3686 legationes
462 3605 584 3668 cunctis
606 3625 646 3668 ex
669 3601 723 3665 illu
744 3611 834 3686 parte
856 3599 1060 3687 principibus
1081 3599 1199 3685 singuli
1220 3601 1383 3685 principes
1490 3665 1496 3670 ,

261 3688 364 3750 nostri
384 3688 547 3768 miserunt,
570 3695 602 3750 et
622 3686 752 3750 tandem
774 3705 793 3747 e
814 3707 890 3768 rege
916 3687 988 3767 vix,
1011 3687 1114 3768 magis
1131 3683 1383 3770 importunitate
1432 3718 1435 3722 ·

262 3770 391 3834 devicto
419 3791 515 3856 quam
544 3770 661 3854 pietate
689 3767 824 3850 mollito,
846 3791 1045 3856 responsum
1078 3769 1139 3833 hoc
1175 3771 1380 3852 acceperunt,

262 3852 350 3940 quod
375 3852 437 3918 hoe
464 3851 531 3916 solo
559 3852 655 3916 modo
682 3853 818 3936 gratiam
846 3874 937 3916 suam
969 3852 1087 3918 habere
1119 3859 1260 3938 possent,
1291 3852 1318 3914 si
1346 3872 1382 3914 so

262 3958 417 4023 suamque
438 3935 618 4001 libertatem
641 3944 672 4000 et
694 3938 800 4000 omnia
822 3957 905 4021 quac
919 3937 1137 4022 possidebant,
1148 3937 1311 4101 potestati
1331 3955 1379 3997 re-

260 4022 333 4106 giae
356 4022 425 4085 sine
446 4021 533 4084 omni
555 4019 742 4084 condicione
764 4021 890 4085 medere
911 4019 1096 4085 voluissent.
1181 4018 1245 4084 uod
1272 4017 1377 4082 faeere

260 4183 283 4236 s)
300 4184 394 4224 famulis
411 4186 524 4226 etenum
541 4185 561 4224 2.
629 4182 653 4236 b)
670 4185 732 4234 quod
748 4185 768 4226 2.
841 4183 862 4236 c)
878 4185 910 4224 ita
927 4185 951 4233 ῦς
969 4183 1068 4224 voluerit
1085 4185 1105 4223 1.
1173 4183 1196 4236 d)
1213 4193 1233 4227 e.
1249 4187 1272 4223 et
1287 4169 1335 4222 rid.
1352 4183 1374 4222 2·

260 4241 423 4294 s)Heed.2.
485 4243 595 4298 fiir’r'el.
