3098 4818
422 349 541 401 BRUNO
561 351 610 400 DE
629 350 750 402 BELLO
770 352 957 404 SAXONIOO.
1213 355 1247 403 21

129 517 207 580 tiam
228 516 292 581 Dei
313 518 532 603 cognovimus,
555 540 651 603 quam
673 541 848 618 numquam
875 519 1001 586 tradere
1024 519 1175 586 oblivioni
1197 520 1329 586 de-rorr.

129 600 253 666 bemus.
296 599 378 664 Nam
406 621 479 664 cum
508 610 596 666 tanta
623 615 707 668 esset
732 603 846 668 hiemis
875 603 1046 688 asperitas,
1075 614 1112 668 ut
1140 626 1250 668 omnes

4 708 14 728 ·
129 684 220 748 fluvii
234 683 434 783 velpaludes
448 688 584 749 transire
605 685 785 750 volentibus
806 688 867 751 iter
886 696 1035 752 terrestre
1050 687 1250 773 praeberent,

130 778 251 833 etcum
266 769 344 832 viris
360 768 509 832 omnibus
525 778 636 832 contra
648 793 758 854 regem
774 772 986 856 congregatis,
1002 771 1088 837 solae
1102 771 1251 836 mulieres

131 875 205 916 cum
235 851 377 938 parvulis
404 852 491 916 domi
517 851 646 918 relictae
674 854 823 936 fuissent,
852 855 973 940 pagani
999 877 1066 919 sem
1092 876 1126 919 er
1156 855 1252 921 nobis

129 936 236 1000 infesti
263 945 364 1000 totam
386 933 562 1006 Su-xoniam
591 935 779 1002 mulieribus
808 947 841 1002 et
861 937 1003 1024 paruulis
1025 877 1172 1003 abductis
1194 961 1251 1026 po-

129 1029 235 1084 terant
266 1021 300 1083 in
333 1021 473 1084 cinerem
501 1033 698 1103 convertere,
732 1022 794 1084 nisi
822 1022 913 1086 Deus
943 1044 998 1086 eos
1027 1021 1166 1088 mirabili
1193 1045 1252 1087 sua

129 1103 266 1250 pietate,
297 1102 386 1168 velut
411 1105 583 1188 genuinasa
610 1103 804 1170 crudelitatis
830 1103 961 1188 oblitos,
994 1106 1078 1172 intra
1103 1107 1251 1192 proprios

153 1188 324 1336 nes3quasi
347 1185 471 1252 clausos
491 1187 617 1252 iuberet
637 1190 809 1274 quiescere.

259 1321 266 1335 .
310 1271 414 1354 Igitur
444 1293 518 1335 cum
539 1293 598 1334 rex
620 1273 764 1338 exercitu
787 1272 953 1338 Saxonum
976 1273 1147 1338 eomitante
1170 1272 1252 1337 Gos-

129 1352 242 1418 lariam
265 1355 419 1436 venisset,
449 1357 499 1420 sui
519 1377 584 1419 non
606 1355 724 1420 oblitus
754 1359 861 1442 coepit
883 1357 1066 1422 occasiones
1089 1378 1252 1442 quaerere,

129 1461 171 1503 ne
200 1440 283 1502 sicut
332 1439 515 1520 romiserat,
550 1439 680 1504 deberet
706 1441 739 1502 in
766 1443 929 1525 praesenti
958 1439 1086 1504 castella
1115 1463 1174 1504 sua
1198 1440 1252 1504 de-

130 1533 262 1588 struere.
307 1461 411 1603 dinem
435 1545 507 1586 oum
530 1545 635 1587 moras
656 1534 785 1588 nectere
808 1525 939 1610 quidam
965 1525 1133 1610 principes
1151 1523 1253 1588 nostri

129 1606 287 1686 viderent,
316 1607 461 1672 volentes
491 1608 521 1672 ei
547 1606 675 1693 placere
704 1619 886 1688 suaserunt,
914 1621 951 1673 ut
978 1607 1057 1671 illud
1086 1607 1252 1672 castellum

129 1691 290 1770 maius-1,
319 1690 406 1776 quod
427 1713 557 1756 manere
578 1690 722 1773 volebat,
748 1690 844 1755 alicui
866 1692 906 1756 de
928 1691 1128 1789 principibus
1151 1691 1252 1756 Saxo-

130 1775 204 1836 niae
233 1775 324 1858 quasi
344 1777 379 1838 in
401 1774 595 1839 deditionem
616 1774 771 1856 traderet,
800 1774 903 1839 donec
931 1775 1043 1860 populr
1064 1774 1166 1855 furor,
1197 1777 1253 1860 qui

129 1867 205 1922 tunc
236 1857 441 1922 vehementer
472 1859 620 1941 ardebat,
657 1857 855 1944 aliquantum
887 1867 1082 1943 tepesceret,
1114 1868 1146 1922 et
1176 1867 1253 1922 tunc

130 1939 305 2022 castellum,
328 1943 410 2005 sicut
430 1941 567 2024 volebat,
588 1943 750 2027 integrum
764 1951 975 2028 permaneret.
1008 1941 1092 2004 Nam
1113 1940 1252 2026 populus

129 2033 165 2089 ut
187 2023 365 2090 dirueretur
385 2025 592 2091 vehementer
612 2025 766 2109 instabat,
789 2025 877 2111 quod
897 2027 960 2089 nisi
973 2025 1073 2107 fieret,
1096 2027 1253 2090 aestatim

129 2107 171 2173 ab
193 2109 318 2194 integro
340 2107 491 2175 rebellem
513 2111 581 2174 sore
604 2109 772 2176 clamabat.
817 2109 889 2174 Rex
909 2110 1042 2174 veroin
1067 2107 1175 2173 multis
1197 2131 1252 2172 an-

152 2193 244 2256 ustiis
271 2195 396 2279 positus
424 2193 503 2278 quid
530 2194 651 2258 faceret
677 2192 856 2276 nesciebat3
890 2194 967 2280 quia
992 2215 1052 2258 nec
1086 2191 1252 2256 castellum

127 2215 208 2339 illud
230 2277 394 2342 destruere
415 2277 561 2360 volebat,
589 2299 649 2342 nec
677 2278 773 2342 alicui
799 2279 998 2363 principum,
1026 2277 1082 2364 qui
1104 2275 1197 2358 illud,
1225 2277 1253 2340 si

128 2361 191 2425 sibi
213 2363 306 2444 quasi
327 2361 514 2444 traderetur,
537 2369 693 2425 staturum
715 2360 954 2447 promittebant,
976 2359 1074 2425 fidem
1095 2361 1252 2444 habebat3

128 2451 161 2506 et
187 2442 358 2528 populum,
389 2466 430 2508 ne
456 2445 599 2509 recidiva
625 2443 710 2509 bella
737 2457 925 2527 resumeret,
955 2443 1049 2509 valde
1078 2443 1252 2510 metuebat.

128 2527 202 2607 Qua
225 2527 309 2589 enim
331 2528 448 2592 virtute
471 2551 573 2614 paene
597 2529 683 2592 sol-us
705 2529 739 2591 in
753 2527 860 2592 medio
876 2529 1021 2592 exercitu
1035 2527 1252 2614 deprehensus

128 2633 163 2674 se
185 2609 378 2692 defenderet,
400 2611 452 2675 vel
474 2633 538 2697 qua
558 2611 637 2696 fuga
658 2634 691 2675 se
707 2621 816 2697 septus
831 2611 973 2696 undique
989 2612 1092 2675 saevis
1106 2611 1252 2675 hostibus

127 2692 362 2758 absconderet?
397 2695 500 2780 lgitur
521 2694 564 2759 ad
585 2696 750 2780 ingenium
772 2717 864 2758 suurn
887 2717 1033 2758 reversus
1056 2695 1253 2778 excogitavit

128 2776 253 2860 dolum3
299 2779 333 2840 ui
355 2786 462 2842 tamen
482 2801 547 2842 non
569 2801 653 2860 eum,
677 2801 772 2864 quem
793 2776 954 2864 sperabat,
975 2778 1078 2842 tenuit
1092 2777 1251 2842 effectum.

127 2861 211 2925 Nam
234 2799 426 2947 quibusdam
456 2862 496 2927 de
523 2863 590 2927 suis
611 2863 750 2948 antiquis
779 2860 989 2926 familiaribus
1016 2859 1139 2925 occulte
1160 2883 1251 2946 prae-

129 2947 223 3030 cepit,
246 2956 283 3010 ut
304 2947 373 3011 eius
395 2955 519 3012 tantum
541 2944 822 3045 propugnaculum
845 2945 1027 3008 summatim
1043 2945 1251 3044 deponerent,

127 3038 160 3092 et
182 3051 257 3092 cum
278 3029 419 3114 populus
441 3029 503 3095 hoc
524 3053 594 3095 vrso
617 3039 720 3094 totum
742 3051 875 3115 sperans
897 3049 1045 3092 casurum
1061 3028 1251 3110 discederet,

127 3111 174 3174 illi
201 3133 220 3174 a
242 3111 399 3178 diruendo
430 3123 607 3195 cessarent,
636 3123 668 3178 et
689 3114 757 3176 sic⁰
785 3114 899 3200 paucis
924 3113 1025 3176 ruinis
1053 3115 1251 3196 restauratis,

127 3197 288 3280 integrum
310 3197 395 3261 sicut
414 3197 542 3262 volebat
562 3207 775 3282 permaneret.
819 3195 885 3264 sed
902 3194 952 3260 ¹illi
974 3218 1032 3260 suo
1053 3196 1157 3262 labori
1177 3219 1327 3282 par-nare.

128 3289 236 3342 centes
268 3281 391 3343 vicinos
424 3280 589 3344 adduxere
621 3282 774 3360 rusticos,
811 3302 892 3366 quos
926 3281 1008 3344 sicut
1039 3289 1129 3344 erant
1160 3280 1250 3362 iussi,

127 3362 287 3426 iusserunt
309 3385 451 3427 summos
472 3373 597 3427 tantum
619 3386 728 3428 muros
751 3363 906 3428 demoliri.
941 3363 1066 3426 Rustici
1080 3384 1159 3426 vero
1175 3385 1251 3427 cum

127 3447 196 3509 eius
218 3445 280 3510 loci
301 3455 492 3531 potestatem
513 3469 598 3510 nunc
619 3448 828 3534 accepissent,
851 3468 914 3533 quo
929 3445 1030 3510 multa
1044 3447 1109 3509 iam
1123 3446 1250 3531 pridem

127 3528 212 3594 mala
233 3531 322 3616 passi
342 3529 492 3611 fuissent,
514 3553 580 3594 non
602 3531 679 3616 quid
700 3531 904 3609 iuberentur,
927 3529 985 3593 sed
1007 3529 1085 3616 quid
1106 3531 1172 3592 iam
1194 3529 1250 3595 diu

127 3613 362 3679 desiderassent
375 3614 594 3695 intendebant,
616 3636 636 3676 a
657 3614 811 3680 diruendo
833 3635 898 3678 non
913 3614 1124 3698 quiescentes,
1147 3612 1250 3678 donec

126 3696 267 3783 lapidem
297 3720 393 3783 super
417 3697 559 3784 lapidem
585 3719 650 3761 non
676 3720 841 3763 remanere
869 3696 1033 3762 videbant.
1084 3696 1173 3781 Ergo
1201 3721 1251 3762 re-

127 3779 213 3864 galia
240 3781 403 3865 aedificia,
433 3781 533 3867 regali
562 3791 692 3868 sumptu
713 3805 771 3866 per
792 3780 909 3845 multos
930 3803 1031 3846 annos
1054 3790 1249 3863 constructa,

126 3865 217 3930 brevi
243 3875 387 3950 tempore
416 3866 599 3946 destruunt,
629 3877 661 3930 et
688 3866 722 3928 in
742 3867 839 3930 tantis
860 3863 1029 3929 moenibus
1055 3886 1115 3928 nec
1136 3863 1250 3928 funda-

127 3959 236 4013 menta
256 3971 322 4013 non
344 3959 434 4014 eruta
455 3949 647 4035 relinquunt.
690 3948 805 4032 Legati
833 3951 917 4034 regis
946 3970 1012 4012 non
1037 3947 1157 4012 audent
1178 3969 1249 4012 ver-

128 4030 207 4096 bum
228 4031 352 4114 facere,
374 4035 450 4120 quia
472 4043 503 4099 et
524 4035 623 4118 ipsos,
646 4034 673 4096 si
695 4032 773 4118 quid
796 4031 1065 4112 contradicerent,
1086 4031 1251 4095 minantur

127 4195 150 4250 a)
166 4199 197 4238 ua
213 4200 239 4249 83
260 4210 350 4250 gemme
367 4204 387 4240 1.
447 4198 472 4252 b)
486 4204 512 4241 ut
527 4203 627 4241 castrum
643 4198 791 4240 Harcesbnrh
808 4200 827 4240 2.
888 4197 909 4249 c)
926 4199 959 4238 sic
974 4197 1032 4238 illud
1047 4208 1070 4247 p.
1087 4192 1121 4238 1¹).

131 4333 160 4402 1)
179 4335 236 4387 soil.
253 4336 407 4406 Huradwry.
444 4337 477 4387 P.
