3098 4818
422 339 544 392 BRUNO
564 339 615 390 DE
635 338 756 390 Baubo
778 339 972 392 snxomco.
1216 331 1258 392 ³65

136 505 294 574 dederunt
316 505 437 569 ordinis
459 506 590 571 secundi
613 507 680 571 sive
702 507 787 572 tertii
808 507 908 592 partis
937 508 1102 594 utriusque
1130 507 1257 592 milites,
1269 527 1335 568 ποτε.

161 590 294 677 uicquid
317 589 456 654 invicem
479 612 513 654 se
534 589 693 655 laeserant
713 612 779 654 non
794 594 862 655 sine
883 590 984 656 multo
999 591 1077 656 fletu
1092 591 1259 658 donantes.

167 697 230 740 unc
253 695 363 740 omnes
385 673 462 738 facti
477 696 519 737 ex
540 674 687 740 hostibus
701 676 798 738 amici
819 673 940 756 fideles,
962 684 1067 740 castra
1082 688 1260 762 posuerunt

135 767 203 825 tatn
248 781 284 824 ro
310 781 342 838 e,
364 769 399 823 ut
420 758 561 822 vicissim
583 757 722 845 populus
743 767 877 844 uterque
902 781 1065 824 sermones
1091 761 1258 848 utriusque

135 864 202 908 non
224 782 354 907 disfihile
375 850 485 928 posset
505 841 626 907 audire.
660 841 829 928 Cumque·
850 844 915 906 iam
930 843 1112 929 coepissent
1125 843 1166 909 de
1180 867 1265 930 rege

136 926 359 993 constituendo
375 947 537 990 sermones
552 927 708 1008 conferre,
731 926 876 991 Saxones
891 949 934 992 ex
949 926 1072 1010 Suavis,
1096 927 1195 993 Suevi
1216 951 1260 997 ex

137 1010 323 1077 Saxonibus
338 1031 439 1073 unum
454 1009 629 1095 quemlibet
642 1008 795 1074 volebant
815 1009 948 1094 eligere,
970 1011 1159 1077 Heinricum
1181 1033 1257 1077 vero

135 1095 269 1160 tenebat
295 1096 329 1158 in
357 1092 456 1158 altera
481 1095 552 1179 ripa
573 1093 677 1158 Rheni
706 1095 819 1158 civitas
848 1094 1051 1178 Mogontins,
1085 1097 1172 1160 omni
1199 1118 1257 1182 spe

135 1181 229 1263 regni
243 1178 401 1242 retinendi
417 1176 571 1263 deposita.
607 1178 696 1241 Misit
709 1188 817 1243 tamen
831 1179 969 1260 nuntios,
993 1180 1049 1265 qui
1063 1183 1258 1266 temptarent

135 1263 215 1327 istos
242 1262 284 1326 ad
313 1261 564 1326 misericordiam
593 1260 722 1326 flectere
729 1309 737 1342 ,
766 1271 803 1326 ut
831 1265 901 1326 eius
928 1263 992 1326 iarn
1015 1265 1090 1328 satis
1117 1265 1256 1349 correpti

135 1348 367 1412 correctionem
382 1345 592 1430 dignarentur
604 1347 762 1431 accipere.
800 1346 868 1418 Sed
880 1367 991 1410 eorum
1005 1346 1124 1411 nullius
1138 1346 1255 1433 legatio

131 1447 155 1495 a
167 1451 328 1517 quoquam
343 1439 484 1494 nostrate
498 1430 665 1516 accipitur,
680 1431 743 1494 nisi
757 1431 848 1515 prius
862 1453 920 1516 per
934 1429 1101 1516 apostolici
1115 1429 1144 1496 le
1167 1440 1256 1495 atum

131 1515 177 1580 ab
205 1514 415 1580 anathematis
442 1513 571 1580 vinculo
602 1512 752 1579 solvatur.
796 1514 842 1579 Ut
870 1515 969 1600 igitur
992 1513 1083 1579 stilus
1104 1453 1256 1581 velociter

134 1611 259 1678 currat,
286 1596 498 1662 humilitatem
525 1599 718 1683 poenitentis
740 1607 928 1683 accepturos
949 1620 982 1663 se
1004 1601 1196 1684 promittimt
1217 1620 1256 1664 ea

132 1681 335 1764 condicione,
356 1683 384 1747 si
398 1680 493 1746 vellet
507 1680 639 1767 implere
654 1693 770 1746 cuncta
785 1703 867 1767 quae
889 1684 919 1745 si
937 1693 1094 1748 nostrates
1108 1681 1255 1747 facienda

134 1777 330 1854 proponunt.
374 1765 470 1845 Quod
500 1786 574 1828 cum
602 1764 655 1828 ille
684 1765 926 1850 spopondisset,
962 1764 1023 1829 hoc
1056 1767 1086 1830 ei
1114 1768 1254 1852 primum

134 1859 330 1937 proponunt,
352 1858 389 1913 ut
403 1849 512 1934 episco
537 1869 592 1912 um
606 1847 905 1930 Wcrmatiensem¹,
949 1849 983 1911 ui
998 1850 1062 1912 iam
1077 1849 1133 1914 diu
1151 1850 1256 1915 fuerat

133 1933 299 2020 expulsus,
321 1942 484 2020 potentem
505 1871 625 1996 ddceret
639 1931 727 1996 urbis
743 1953 833 2012 suae3
856 1870 972 1997 deinde
987 1942 1023 1996 ut
1044 1953 1121 1996 mox
1134 1931 1255 1998 litteras

132 2018 235 2082 scribi
250 2020 378 2096 faceret,
400 2016 434 2080 in
450 2016 566 2102 quibus
581 2038 615 2081 sc
629 2015 781 2080 fateretur
794 2017 910 2080 iniuste
927 2014 1071 2080 Saxones
1090 2016 1254 2098 afflixisse,

134 2123 257 2202 quasa
277 2103 395 2166 nostris
416 2109 617 2200 perspectas,
647 2100 711 2164 ima
737 2102 787 2164 'ne
810 2121 868 2164 sua
889 2101 1007 2164 nostris
1033 2100 1255 2185 praesentibus

134 2186 399 2272 srgnarifaceret,
422 2195 453 2250 et
474 2196 615 2271 srgnatas
631 2205 689 2270 per
720 2183 829 2249 taliam
845 2193 877 2248 et
890 2205 950 2270 per
963 2184 1175 2249 Teutonicum
1193 2195 1254 2249 ter·

132 2292 203 2335 ram
224 2268 396 2336 mittendas
411 2292 469 2354 per
483 2279 608 2333 nostros
623 2270 759 2349 nuntios,
782 2268 977 2333 nostratibus
993 2267 1097 2351 daret3
1120 2271 1254 2369 ipseque

133 2353 269 2419 Romam
291 2355 423 2418 veniens
444 2376 503 2439 per
524 2351 654 2438 dignam
677 2353 926 2418 satisfactionem
953 2352 1164 2418 anathematis
1186 2375 1255 2417 v1n-

134 2437 207 2502 culo
230 2447 361 2506 careret.
406 2437 588 2522 Episcopus
611 2458 689 2521 ergo
713 2437 820 2502 statim
843 2458 916 2500 cum
938 2459 1054 2522 magno
1080 2436 1199 2503 honore
1221 2439 1255 2501 in

133 2521 247 2586 urbem
276 2521 460 2602 deducitur;
489 2519 634 2585 litteras¹²
669 2521 703 2583 in
734 2523 916 2606 praesentia
946 2522 1136 2585 nostratium
1167 2519 1256 2585 bulla

133 2606 220 2690 regis
252 2606 411 2689 signatae,
449 2626 508 2689 per
538 2613 664 2668 nostros
697 2606 836 2706 rthntios
874 2625 933 2689 per
966 2605 1109 2670 civitates
1142 2604 1254 2670 Italiae

131 2690 290 2775 regnique
305 2688 474 2752 Teutonici
496 2687 691 2772 diriguntur3
713 2690 783 2773 ipse
806 2709 840 2751 se
855 2696 922 2751 tota
936 2687 1137 2752 festinatione
1152 2698 1254 2773 parat,

133 2781 170 2838 ut
190 2795 249 2859 per
269 2773 407 2836 Romani
430 2771 589 2858 pontificis
616 2771 850 2856 indulgentiam
876 2770 1017 2856 ligamen
1043 2770 1254 2836 anathematis

133 2869 242 2922 exuat.
285 2857 452 2920 Nostrates
479 2877 558 2920 vero
588 2855 705 2942 singuli
733 2866 932 2920 sacramento
964 2855 1186 2937 firmaverunt,
1218 2865 1255 2920 ut

133 2942 195 3006 nisi
211 2942 383 3006 Heinricus
399 2949 540 3026 quartus,
552 2939 697 3004 Heinrici
712 2940 913 3025 imperatoris
927 2937 1022 3022 filius,
1037 2940 1071 3003 in
1086 2938 1255 3004 Februarii

133 3028 253 3090 mensis
284 3025 375 3090 initio
402 3045 422 3088 a
448 3024 555 3088 banno
588 3045 647 3110 per
674 3022 886 3110 apostolicum
918 3023 1105 3088 absolutus⁰
1133 3023 1254 3104 fuisset,

133 3131 309 3196 numquam
321 3107 461 3194 amplius
475 3107 540 3172 ullo
555 3109 684 3194 ingenio
700 3129 758 3172 suo
773 3131 831 3172 rex
842 3129 953 3172 eorum
968 3129 1027 3173 nec
1039 3105 1255 3255 appellaretur

133 3215 194 3259 nec
215 3204 308 3258 esset.
353 3194 448 3274 Quod
470 3203 703 3258 sacramentum
725 3194 829 3278 primo
851 3191 928 3257 fecit
948 3192 1088 3277 patriarc
1112 3215 1141 3274 a,
1167 3201 1199 3256 et
1219 3193 1254 3255 in

133 3277 253 3343 litteras
267 3277 433 3341 redactum
455 3280 488 3339 in
504 3298 597 3340 suum
612 3277 699 3341 misit
712 3277 927 3361 marsupium3
951 3275 1038 3362 quod
1052 3284 1160 3340 tamen
1176 3276 1254 3361 quia

134 3360 248 3426 melius
270 3362 412 3426 servavit
439 3362 473 3424 in
495 3361 616 3446 scripto
639 3382 736 3446 quam
758 3361 791 3424 in
814 3382 925 3459 opere,
956 3361 1040 3423 sicut
1060 3357 1157 3444 paulo
1180 3367 1280 3423 antee.
1327 3408 1331 3418 .

135 3443 257 3509 dictum
285 3455 348 3525 est,
383 3443 512 3509 crudele
541 3467 601 3531 sup
627 3443 737 3508 licium
764 3442 862 3508 deda.
910 3442 1038 3507 Deinde
1065 3444 1141 3507 l'ecit
1166 3441 1254 3506 idem

134 3529 333 3594 Pataviensis
359 3531 547 3614 episcopus,
570 3467 655 3594 sedis
677 3529 841 3592 Romanae
868 3525 1007 3612 legatus3
1035 3535 1067 3590 et
1094 3535 1169 3612 post
1195 3526 1253 3591 hos

135 3635 244 3678 omnes
260 3615 315 3699 qui
336 3611 470 3676 aderant
483 3613 638 3712 episcopi,
660 3612 769 3690 duces,
791 3611 923 3675 comites
939 3611 1102 3697 ceterique
1116 3611 1254 3676 maiores

134 3709 166 3763 et
195 3699 349 3779 minores3
379 3696 437 3761 sed
466 3718 610 3783 ep1scop1
639 3695 712 3782 plus
740 3695 810 3759 aliis
839 3696 874 3758 in
902 3693 964 3758 hoc
994 3704 1143 3780 egerunt,
1177 3695 1254 3782 quia

132 3782 346 3846 iuramentum
367 3781 402 3843 in
423 3779 535 3844 litteris
552 3782 649 3846 etiam
664 3789 882 3845 servaverunt.
918 3777 1011 3842 Tunc
1032 3780 1131 3844 misso
1146 3779 1253 3864 legato

133 3873 327 3952 rogaverunt
359 3863 587 3950 apostolicum,
624 3875 661 3929 ut
698 3865 732 3929 in
765 3863 925 3963 principio
958 3862 1127 3928 Februarii
1159 3862 1256 3929 uellet

132 3949 313 4036 Augustam
349 3951 475 4031 venire,
512 3957 547 4012 ut
584 3970 682 4013 causa
719 3947 887 4032 diligenter
925 3949 1108 4011 examinata
1144 3968 1254 4012 coram

134 4035 293 4114 omnibus,
314 4031 366 4098 vel
388 4055 462 4098 eum
477 4031 623 4114 solveret,
645 4032 696 4098 vel
711 4055 749 4098 eo
770 4032 883 4097 fortius
898 4031 1004 4096 adhuc
1025 4030 1133 4116 ligato,
1156 4030 1253 4095 alium

136 4213 159 4264 a)
175 4214 233 4254 cum
250 4215 271 4253 1.
332 4213 355 4265 b)
373 4216 388 4256 l.
406 4225 497 4265 quoque
514 4225 542 4255 eo
558 4226 604 4264 quo
621 4215 757 4256 dictumest
773 4214 840 4254 modo
856 4213 923 4254 bulla
939 4213 959 4254 2.
1020 4211 1041 4265 c)
1057 4213 1179 4254 solutast.

138 4343 166 4411 1)
185 4345 355 4407 adobertus,
375 4347 520 4400 acerrimus
539 4347 607 4416 repis
628 4344 812 4398 aduersarius.
857 4344 894 4396 W.

1005 4428 1025 4492 5
