3110 4808
305 334 357 382 144
499 334 548 382 DE
568 333 727 384 UNITATE
747 332 953 384 ECOLESIAE
974 331 1251 385 CONSERVANDA.

303 503 405 566 stinus
418 503 451 566 in
464 499 546 564 libro
562 501 672 585 quinto
685 501 726 564 de
738 500 866 565 civitate
877 500 967 580 Dei¹,
981 521 1127 564 asserens
1138 501 1307 564 veritatem
1321 499 1426 565 catho-

301 586 383 650 licae
402 584 494 666 fidei3
511 607 607 671 quam
623 595 708 649 certe
723 583 821 648 fidem
837 583 1028 648 catholicam
1043 605 1116 647 cum
1131 605 1191 648 nos
1205 594 1372 649 teneamus
1394 593 1425 650 et

304 669 523 750 confiteamur,
538 680 647 734 tamen
658 669 791 732 heretici
802 691 872 733 esse
887 677 919 732 et
933 669 1107 732 scismatici
1121 669 1162 732 ab
1173 668 1359 733 hominibus
1371 690 1424 732 ex-

302 765 412 820 ternae
428 753 661 817 communionis
679 752 895 833 inscribimur,
913 754 1064 838 quoniam
1081 753 1173 816 iuxta
1184 753 1364 816 doctrinam
1380 764 1424 817 at·

143 860 295 912 irenam.
305 861 367 925 que
382 838 568 917 mandatum
584 837 670 902 beati
681 837 769 902 Petri
786 835 924 922 apostoli
938 859 997 902 nos
1013 835 1133 902 subditi
1148 859 1257 901 sumus
1272 838 1342 921 regi
1356 847 1424 901 tan·

305 945 401 1009 quam
431 920 638 1006 praecellenti
665 924 733 986 sive
759 921 899 986 ducibus
925 931 1080 1008 tanquam
1110 921 1152 984 ab
1180 942 1218 985 eo
1248 921 1364 1002 missis,
1392 931 1423 984 et

303 1007 379 1095 quia
409 1007 505 1071 etiam
532 1007 808 1070 communicamus
830 1005 974 1090 pontifici
996 1004 1193 1090 apostolicae
1218 1005 1313 1074 sedis.
1358 1004 1423 1070 Sed

303 1092 358 1177 qui
388 1089 527 1155 debeant
555 1090 718 1154 aestimari
746 1089 799 1154 vel
828 1088 977 1154 catholici
997 1089 1050 1154 vel
1070 1088 1214 1170 heretici,
1239 1089 1361 1188 poterit
1381 1111 1424 1154 ex

303 1173 410 1238 studio
437 1173 663 1239 alterutrorum
693 1173 812 1258 colligi,
841 1175 933 1238 iuxta
961 1174 1048 1260 quod
1077 1175 1110 1235 in
1140 1174 1298 1258 superiori
1319 1171 1423 1238 iibro²

302 1258 410 1344 aliqua
431 1280 542 1323 corum
557 1269 649 1344 gesta
669 1267 702 1322 et
722 1280 828 1322 mores
850 1258 1089 1343 descripsimus.
1123 1256 1207 1321 Cum
1221 1258 1323 1321 nostri
1337 1257 1424 1322 deni·

303 1365 365 1428 que
387 1341 563 1407 adversarii
591 1351 765 1406 exeuntes⁸
786 1363 807 1405 a
827 1342 932 1424 nobie,
952 1364 1018 1405 non
1039 1363 1099 1406 nos
1121 1340 1163 1406 ab
1185 1340 1258 1424 illis,
1279 1343 1424 1406 fecerunt

303 1429 421 1490 scisma
449 1427 483 1490 in
511 1425 728 1491 ecclesiastico
758 1447 901 1512 corpore,
930 1426 1068 1511 professi
1100 1427 1197 1489 etiarn
1230 1426 1263 1488 in
1296 1427 1423 1511 scriptis

302 1511 379 1592 suis,
401 1532 435 1574 se
458 1509 629 1575 defendere
675 1519 775 1574 artem
797 1511 848 1574 sui
864 1531 969 1609 papae
985 1509 1145 1594 Gregorii,
1170 1508 1319 1608 qualibus
1339 1519 1424 1574 certe

302 1593 415 1658 scribit
428 1593 624 1679 apostolicus
664 1604 754 1658 octor
768 1592 953 1658 Gelas1us³:
979 1609 1100 1660 roratur
1112 1626 1181 1676 erpo,
1200 1594 1314 1679 mquit,
1329 1624 1424 1660 nomes

302 1684 429 1748 emedio,
449 1684 520 1750 qnod
539 1685 708 1736 ecclesiarum
726 1685 910 1736 discretionem
924 1685 1023 1750 promi
1048 1700 1066 1732 a
1091 1683 1220 1734 cartolam
1243 1682 1423 1736 communione

191 1772 195 1781 '
302 1775 437 1833 operatur,
456 1773 487 1818 nt
504 1783 616 1834 syncera
628 1782 690 1832 poe
707 1766 776 1833 fidei
794 1766 1035 1832 communionisque
1058 1765 1366 1830 reperiremomnia
1392 1759 1424 1812 et

300 1843 379 1897 tune
414 1835 487 1920 quis
513 1845 660 1898 nostrum
682 1845 794 1898 contra
822 1834 1037 1898 venerandam
1065 1831 1118 1896 vel
1139 1833 1350 1897 insurrexerit
1370 1831 1424 1896 vel

301 1919 420 1983 nitatur
452 1919 617 2000 insurgere
646 1927 848 2000 vetustatem,
879 1925 1098 2003 competenter
1123 1927 1156 1980 et
1183 1914 1327 2002 legitime
1351 1939 1423 2002 per-

324 2003 457 2085 uiratur,
480 2012 512 2067 et
532 2001 598 2066 illic
612 2003 792 2087 apparebit,
815 2005 887 2100 quis
909 2002 1053 2066 modesto
1075 2002 1241 2085 proposito
1264 2000 1425 2065 custodiat

301 2025 437 2152 dormam
464 2087 734 2171 traditionemque
763 2107 936 2168 marorum,
965 2087 1037 2170 quis
1066 2105 1166 2170 supra
1191 2085 1272 2150 baec
1302 2085 1424 2149 inreve-

140 2181 408 2244 0r.1>nn.s‚s.renter
429 2169 583 2251 insiliens,
609 2170 682 2254 quis
707 2170 821 2254 rapina
842 2169 1009 2255 aequalem
1031 2190 1126 2254 posse
1149 2169 1220 2233 fieri
1241 2167 1422 2234 arbitretur.

386 2256 415 2316 2.
452 2253 544 2318 Haec
566 2253 736 2336 haetenus3
759 2275 845 2316 nunc
859 2275 946 2334 vero,
970 2255 1053 2317 sicut
1073 2274 1171 2338 supra
1184 2254 1390 2339 promisimus
1398 2263 1422 2333 ⁴,

301 2337 342 2402 de
370 2336 498 2422 scriptis
521 2336 697 2401 Clementis
719 2358 824 2422 papae
846 2337 1049 2420 disseremus,
1077 2336 1260 2422 probantes,
1283 2359 1322 2404 ea
1343 2337 1419 2402 fidei

301 2419 477 2485 catholicae
499 2443 578 2502 esse,
602 2443 684 2506 quae
706 2422 757 2485 vir
779 2421 911 2508 quidam
934 2423 1065 2508 iniquus
1093 2430 1125 2486 et
1146 2421 1276 2487 dolosus
1298 2423 1424 2509 quaerit

299 2513 482 2654 pervertere
504 2504 676 2605 falsissima
697 2507 968 2592 interpretatione,
993 2507 1051 2605 qui
1063 2507 1159 2571 etiam
1180 2506 1275 2593 plura
1297 2517 1425 2593 praeter

322 2611 382 2653 ane
406 2612 503 2676 quam
525 2590 632 2654 adhuc
653 2613 687 2653 m
709 2601 974 2656 manutenemus
1000 2589 1170 2675 eplstolam
1196 2591 1364 2676 profitetur
1386 2612 1421 2654 se

300 2675 363 2738 scri
389 2675 469 2739 sisse
500 2685 611 2740 contra
640 2675 778 2740 eundem
807 2675 993 2760 pontificem
1022 2673 1220 2758 apostolicae
1246 2674 1347 2738 sedis:
1381 2675 1422 2738 In

299 2696 414 2842 iibido,
435 2760 594 2845 inquiens,
617 2783 710 2844 quem
722 2759 866 2842 fecimus
887 2761 947 2824 tibi
968 2760 1078 2839 scribi,
1102 2761 1219 2842 optime
1241 2759 1286 2821 ad
1308 2761 1422 2820 omnia

299 2844 516 2928 respondetur
537 2845 589 2908 its
630 2867 693 2907 nae
713 2845 751 2906 in
769 2844 926 2929 Wipberti
943 2841 1080 2926 epistola
1095 2843 1233 2906 invenis.
1264 2839 1329 2902 Sed
1346 2839 1419 2924 quis

299 2929 340 2992 sit
361 2927 403 2990 ad
425 2946 521 3010 quem
544 2867 673 3006 scribat,
696 2935 805 2990 textus
827 2926 1003 3009 scripturae
1026 2945 1091 2988 non
1112 2922 1243 3004 indicat,
1266 2943 1338 2986 cum
1360 2945 1422 2986 nec

323 3010 422 3092 roprii
450 3009 589 3072 nominis
618 3031 681 3072 nec
708 3010 777 3072 eius
799 3009 842 3072 ad
864 3031 959 3094 quem
982 3007 1136 3072 scribitur
1162 3004 1300 3092 epistola
1325 3028 1421 3070 voca-

298 3033 366 3157 buli
380 3092 575 3156 mentionem
590 3091 731 3177 aliquam
751 3093 889 3178 scriptor
903 3091 1024 3173 fecerit,
1048 3093 1104 3177 qui
1118 3091 1215 3155 etiarn
1236 3091 1271 3154 in
1285 3091 1420 3155 exordio

297 3176 401 3260 ipsius
423 3173 578 3259 epistolae
601 3175 689 3256 dicit,
713 3175 800 3262 quod
823 3174 1046 3240 salutationem
1075 3176 1103 3240 ei
1130 3174 1308 3260 praefigere
1330 3173 1420 3255 nolit,

300 3281 375 3324 cum
397 3259 576 3345 praecipiat
597 3258 717 3324 Paulus
739 3259 902 3346 apostolus
924 3261 1037 3325 fratres
1059 3258 1199 3324 salutare
1225 3281 1259 3322 se
1281 3260 1420 3324 invicem

176 3335 198 3376 ²·
207 3333 288 3433 {¹¹3⁸
299 3345 333 3408 in
350 3341 460 3408 osculo
483 3353 612 3408 sancto:
635 3345 722 3430 qnod
743 3354 884 3431 sipnnm,
906 3345 1021 3430 inquit,
1043 3345 1256 3409 salutationis
1278 3347 1316 3408 in
1332 3346 1421 3408 omni

223 3421 229 3444 '
267 3421 273 3434 ⁴
299 3427 439 3513 epistola
452 3430 503 3494 ita
518 3429 641 3510 scribo,·
666 3438 761 3514 atque
783 3431 856 3494 ideo
871 3451 1038 3514 reprimas,
1060 3430 1113 3511 ait,
1137 3428 1337 3513 confratres
1356 3451 1421 3512 per·

300 3513 477 3577 adventu-m
503 3514 630 3578 domini
657 3515 763 3578 nostri
783 3514 860 3578 Iesu
884 3513 1008 3578 Christi
1034 3523 1063 3578 et
1084 3523 1216 3578 nostroe
1238 3535 1419 3598 conpreqa·

297 3600 396 3660 tionis
425 3599 463 3660 in
489 3597 527 3660 id
552 3599 673 3682 ipsum,
702 3607 739 3660 nt
760 3620 828 3662 non
850 3600 911 3662 cito
934 3600 1131 3663 inoveamini
1153 3621 1175 3661 a
1197 3606 1300 3662 vestro
1323 3617 1420 3660 sensu

298 3702 399 3766 neqne
427 3683 619 3746 terreamini
646 3703 748 3766 neque
773 3683 1012 3768 perspiritum
1039 3705 1142 3770 neque
1157 3705 1223 3767 per
1244 3702 1420 3745 sermonem

298 3887 321 3940 a)
337 3889 457 3939 exigentes
475 3892 495 3931 l.

300 4075 328 4140 1)
347 4075 491 4142 Augustini
518 4076 608 4142 Opera
627 4077 690 4140 VII,
711 4095 737 4144 p.
759 4078 821 4130 126.
898 4078 928 4144 2)
957 4081 998 4129 Ex
1023 4079 1064 4130 his
1088 4077 1178 4128 verbis
1204 4081 1326 4142 apparet,
1345 4073 1421 4126 Wal-

297 4154 410 4200 tramum
434 4150 642 4216 disputationem
663 4167 738 4202 suam
757 4153 786 4202 in
808 4159 862 4203 tres
882 4151 965 4203 libros
989 4152 1124 4212 divisisse,
1144 4155 1171 4200 et
1196 4150 1230 4199 ab
1255 4149 1307 4198 hoc
1330 4149 1420 4214 capite

296 4225 404 4273 tertium
434 4222 531 4275 librum
557 4225 687 4290 incipere.
768 4224 798 4290 3)
824 4225 937 4275 Hinseh.
964 4224 981 4274 l.
1003 4239 1026 4274 c.
1051 4241 1077 4289 p.
1099 4223 1162 4274 641.
1243 4219 1273 4287 4)
1299 4221 1422 4280 Lib.11,

297 4309 321 4346 c.
341 4295 385 4359 22,
404 4296 450 4346 nbi
471 4297 633 4348 waltramus
654 4298 771 4348 dixerat:
791 4297 859 4348 sient
872 4296 1045 4361 probabimus
1063 4297 1093 4346 in
1112 4295 1231 4362 sequenti
1250 4293 1325 4346 libro.
