3098 4818
294 355 329 405 62
578 354 701 406 BRUNO
722 353 772 403 DE
793 353 914 434 BELLQ
934 351 1127 404 anxonlco.

220 540 284 582 roro.
294 524 384 588 cuius
399 523 600 588 extremitate
620 543 742 607 paucas
757 520 853 586 urbes
874 518 1023 585 habendo
1038 520 1095 583 vix
1109 518 1271 601 haerebat,
1294 519 1417 605 episco-

293 629 372 707 pum
382 605 604 671 Burchardum
621 604 860 670 commendavit
873 626 1011 690 eumque
1025 602 1171 685 multum,
1185 613 1222 668 ut
1238 625 1416 689 numquam

254 703 259 714 “
293 714 328 755 m
349 691 534 756 Teutonicis
556 688 674 754 finibus
696 687 869 772 videretur,
891 688 1088 769 obsecravit3
1111 686 1199 773 quod
1215 696 1248 752 et
1268 685 1321 752 ille
1342 708 1416 773 pro-

294 776 392 839 misit.
436 775 532 856 Quod
570 795 644 838 cum
682 773 856 860 episcopus
895 772 1139 857 praesensisset,
1178 772 1300 836 amicos
1334 792 1416 858 quos
1535 773 1540 818 l

293 857 435 924 habebat
454 857 501 922 ibi
522 878 660 944 paucos,
689 858 816 942 paucis,
845 859 928 920 sicut
955 864 1084 954 tempus
1111 854 1280 936 monebat,
1308 854 1416 922 verbis
1531 829 1540 980 ἱ

294 941 468 1022 allocutus,
495 941 620 1027 rogavit
642 961 752 1006 omnes
774 961 834 1026 pro
855 940 920 1004 Dei
941 961 1086 1021 nomme,
1114 949 1271 1025 quatenus
1294 939 1417 1018 desua

295 1027 473 1112 cogitarent
487 1025 660 1111 ereptione.
695 1024 787 1088 Tunc
804 1022 1003 1090 Othelricus⁸
1025 1022 1156 1110 quidam
1171 1021 1255 1088 dixit
1269 1024 1308 1106 ei,
1331 1031 1416 1088 stare
1534 1017 1541 1144 p

295 1109 456 1198 quandam
486 1108 616 1174 domum
640 1107 799 1173 desertam
829 1129 894 1172 non
919 1107 1015 1192 longe
1036 1130 1056 1171 a
1076 1106 1199 1187 littore,
1228 1107 1415 1193 monuitque

294 1217 368 1259 eum
382 1203 419 1258 ut
439 1193 522 1257 hanc
536 1202 603 1258 arte
619 1190 762 1278 qualibet
781 1201 953 1277 temptaret
973 1193 1100 1256 intrare.
1132 1191 1316 1278 Episcopus
1337 1213 1415 1276 ergo

294 1287 419 1344 tantum
441 1298 514 1341 cum
536 1298 601 1341 nno
622 1274 787 1362 capellano
809 1277 885 1339 navi
906 1275 1090 1362 impositus,
1109 1287 1265 1361 'exregem
1286 1274 1417 1340 iubetur

294 1361 481 1426 antecedere
514 1360 617 1426 donec
631 1361 701 1446 ipse
716 1382 790 1424 cum
812 1380 925 1424 socero
946 1381 1083 1445 pransus
1098 1382 1173 1424 eum
1193 1381 1267 1424 cum
1288 1361 1416 1446 gurgite

295 1467 426 1510 currens
440 1467 481 1510 ve
494 1447 595 1510 ociter
607 1444 676 1508 inse
700 1453 803 1509 natur.
839 1442 971 1507 Leniter
984 1465 1062 1530 ergo
1077 1442 1220 1510 defluens
1242 1445 1350 1529 episoo
1375 1465 1415 1508 us

295 1552 359 1594 non
381 1531 415 1592 in
437 1550 584 1593 somnum
606 1465 805 1608 diadum,
833 1548 898 1593 non
926 1528 961 1590 in
989 1528 1081 1593 vanis
1104 1466 1415 1593 confabulationibus

295 1621 482 1699 occupatur,
503 1611 561 1677 aed
576 1633 631 1676 cor
645 1633 720 1676 cum
741 1620 809 1676 tota
823 1610 994 1676 devotione
1009 1610 1096 1677 levet
1109 1611 1151 1677 ad
1165 1612 1283 1694 Deum,
1305 1610 1416 1676 oculos

294 1697 329 1761 in
360 1696 448 1762 littus
480 1705 567 1761 tenet
597 1697 751 1778 intentos,
784 1694 886 1760 donec
916 1705 1204 1780 praemonstratam
1233 1696 1415 1783 conspiciat

231 1781 434 1846 cadomum.
479 1781 553 1863 Qua
591 1780 663 1844 visa
697 1789 791 1865 rogat
821 1788 953 1862 nautas,
992 1789 1029 1844 ut
1060 1781 1094 1844 in
1125 1779 1212 1845 littus
1245 1802 1279 1844 se
1311 1777 1416 1845 velint

247 1854 283 1894 ²⁴·
293 1887 465 1965 exponere,
487 1875 644 1965 quatenus
659 1874 803 1929 ventrem
817 1862 954 1928 levando
968 1863 1130 1948 persolvat
1144 1863 1253 1930 debita
1268 1873 1414 1928 naturae.

291 1949 343 2014 Illi
364 1948 409 2014 nil
424 1958 632 2037 suspleantes,
654 1949 688 2012 in
709 1949 862 2012 miserum
884 1948 1106 2013 misericordes
1126 1947 1264 2029 fuerunt,
1287 1956 1318 2012 et
1339 1968 1415 2013 eum

293 2033 460 2120 capellano
488 2035 606 2099 comite
635 2033 723 2096 exire
752 2033 975 2117 permiserunt.
1019 2031 1106 2112 Quid
1128 2053 1250 2114 moror,
1282 2054 1357 2096 cum
1378 2033 1414 2094 in

292 2116 346 2182 illo
375 2139 497 2183 moram
526 2115 648 2181 nullam
676 2115 824 2180 intueor?
866 2115 1062 2180 Removetnr
1089 2137 1109 2179 a
1138 2116 1244 2182 littore
1276 2116 1416 2202 longius,

292 2202 465 2288 nautisque
478 2224 520 2266 ne
533 2200 660 2286 longius
675 2200 779 2265 abiret
793 2197 1014 2282 clamantibus,
1036 2201 1275 2286 appropinquat
1292 2199 1414 2279 domui,

291 2284 405 2350 leniter
427 2307 467 2351 ue
505 2283 637 2370 pulsans
674 2282 846 2370 Deumque
882 2281 1072 2369 supliciter
1111 2284 1281 2366 invocans,
1314 2282 1415 2348 dixit:

294 2307 429 2454 ‘Aperil’
473 2368 658 2467 Numquam
695 2366 778 2431 dixit
817 2389 877 2431 nec
912 2305 1055 2432 dicturus
1089 2376 1137 2432 est
1175 2390 1249 2432 cum
1290 2367 1413 2432 maiore

292 2453 463 2517 devotione
485 2451 608 2535 cordis,
637 2450 766 2550 ‘Aperi',
794 2452 857 2515 nisi
884 2451 912 2515 si
934 2452 1111 2599 spleraverit
1135 2451 1197 2518 sibi
1220 2450 1415 2538 quandoque

292 2537 422 2600 ianuam
447 2537 540 2622 regni
567 2535 713 2601 coelestis
741 2536 869 2620 aperiri.
914 2535 959 2600 Ot
981 2533 1095 2600 ehicus
1121 2537 1242 2622 paratis
1262 2535 1355 2621 equis
1381 2544 1415 2600 et

293 2620 387 2685 sociis
419 2621 609 2707 episcopum
642 2621 800 2705 suscepit,
837 2630 869 2684 et
904 2618 956 2683 die
989 2621 1172 2718 quiescens,
1207 2629 1302 2684 nocte
1333 2640 1411 2684 vero

292 2704 461 2787 festinans,
490 2726 564 2768 eum
585 2705 650 2768 Dei
677 2702 896 2768 misericordia
922 2713 1095 2769 com1tante
1120 2703 1154 2768 in
1182 2702 1411 2770 Halberstedil

292 2787 453 2874 perduxit.
486 2791 615 2869 Quanta
628 2786 841 2874 gratulatione
861 2787 960 2853 totius
981 2787 1094 2875 populi
1114 2787 1227 2852 fuisset
1248 2796 1411 2873 acceptus,

292 2894 383 2936 meus
404 2872 504 2938 hebes
524 2893 591 2936 non
611 2870 696 2937 valet
717 2871 878 2957 explicare
900 2869 1001 2936 stilus.
1034 2871 1143 2936 Etiam
1158 2873 1215 2958 qui
1230 2893 1304 2936 eum
1319 2873 1411 2958 prius

293 2956 368 3021 odio
382 2956 573 3036 habuerunt,
594 2956 628 3018 in
643 2976 813 3034 occursum
827 2954 903 3020 laeti
917 2955 1096 3040 gaudentes
1120 2978 1160 3021 ue
1176 2965 1411 3026 cucurrerunt.

376 3040 427 3104 84.
463 3039 630 3124 Principes
645 3061 722 3124 ergo
736 3040 837 3102 nostri
852 3039 987 3104 diversis
1002 3039 1043 3104 ab
1063 3063 1115 3105 exi
1130 3040 1167 3104 ‘is
1182 3060 1293 3105 omnes
1331 3059 1411 3104 aene

293 3120 387 3186 simul
401 3123 435 3184 in
448 3124 587 3208 patriam
600 3122 732 3203 reversi,
746 3143 897 3206 magnam
911 3122 961 3186 his
977 3125 1033 3209 qui
1047 3123 1136 3189 domi
1150 3133 1241 3189 erant
1255 3123 1294 3187 de
1319 3131 1412 3187 erunt

292 3206 460 3270 materiam
481 3205 601 3291 gaudii,
624 3215 656 3270 et
676 3205 848 3270 multorum
867 3228 903 3271 os
924 3229 944 3270 a
967 3219 1119 3273 eruerunt
1138 3208 1172 3272 in
1193 3207 1320 3272 laudem
1336 3206 1410 3271 Dei.

291 3291 490 3356 Invenerunt
518 3291 603 3354 enim
631 3298 731 3354 totam
760 3313 862 3376 paene
890 3228 1018 3376 plebem
1047 3302 1292 3377 congregatam,
1322 3291 1411 3376 exigi

291 3374 412 3440 tributa
447 3395 466 3437 a
528 3374 644 3439 raediis
683 3375 749 3437 suis
786 3375 1016 3472 persolvenda,
1054 3376 1120 3440 iam
1158 3374 1315 3442 libertatis
1353 3397 1412 3461 spe

291 3457 476 3523 retinendae
498 3395 659 3545 deposita,
685 3479 767 3545 quae
788 3457 952 3524 iuberetur
973 3469 1090 3524 cuneta
1109 3459 1274 3524 facturam.
1318 3459 1413 3524 Heri·

292 3563 429 3606 mannus
466 3551 590 3626 autem,
651 3552 761 3608 atruus
791 3543 903 3628 Magni
941 3543 1048 3624 ducis,
1081 3553 1114 3608 et
1144 3543 1337 3608 Thiedricus
1370 3543 1411 3608 de

291 3624 558 3711 Kathalanburg‘l
573 3665 611 3675 -
627 3565 661 3690 lii
682 3648 822 3714 namque
867 3629 933 3691 rius
947 3625 1111 3712 aliquanto
1126 3629 1240 3692 ceteris
1254 3636 1413 3692 venerunt

292 3747 333 3758 -
355 3709 448 3774 obstu
473 3709 582 3775 efactis
605 3709 753 3774 omnibus
782 3649 1056 3776 exclamaverunt:
1096 3710 1230 3794 ‘Nolite’,
1253 3711 1407 3792 dicentes,

293 3792 418 3878 ‘optimi
459 3815 589 3876 axones,
609 3793 707 3859 nolite
722 3795 884 3860 servitutis
905 3795 983 3880 iuga
1003 3796 1157 3883 recipere,
1182 3794 1300 3860 nolite⁰
1322 3794 1412 3860 here-

173 3894 213 3949 *μ
230 3875 424 3943 ereditatem
445 3887 585 3942 vestram
606 3878 826 3944 tributariam*
852 3879 972 3960 facere,
1002 3878 1099 3944 nolite
1124 3879 1164 3944 de
1188 3877 1413 3944 misericordia

291 3961 356 4027 Dei
383 3961 570 4046 desperare!
613 3961 701 4027 Ecce
729 3984 802 4046 nos,
833 3964 888 4063 qui
909 3963 1008 4028 vestri
1038 3984 1135 4027 causa
1161 3985 1220 4027 nos
1247 3963 1283 4026 in
1310 3962 1410 4061 capti-

253 4125 254 4128 ,
290 4046 423 4111 vitatem
445 4044 601 4127 dedimus,
624 4046 688 4110 Dei
711 4045 888 4130 clementa,
915 4044 969 4111 illo
992 4047 1048 4133 qui
1068 4068 1127 4110 nos
1148 4047 1279 4112 tenebat
1298 4047 1413 4130 invno,

290 4129 446 4212 redimus,
474 4151 533 4216 pro
555 4130 647 4195 vobis
677 4140 709 4194 et
737 4133 849 4195 vestris
876 4131 1051 4216 pugnaturi
1080 4131 1236 4218 quamdiu
1261 4130 1409 4196 vivimus.

290 4212 414 4298 Erigite
436 4235 513 4299 ergo
536 4214 693 4279 cervicem
715 4214 791 4299 iugo
814 4215 974 4280 servitutis
997 4237 1134 4280 excusso
1153 4213 1297 4297 liberam,
1318 4233 1411 4278 num-

290 4339 313 4388 a)
331 4337 451 4380 odelricus
468 4341 489 4379 2.
549 4339 574 4391 b)
589 4341 761 4380 Helberstatedi
778 4343 803 4390 13
818 4342 958 4382 Helberstad
974 4342 996 4382 2.
1056 4340 1079 4393 e)
1095 4345 1120 4381 ut
1136 4345 1301 4382 concurrerent
1315 4341 1410 4394 (mutata

289 4397 407 4436 sententiae
417 4396 503 4448 forma)
521 4399 540 4438 2.
601 4397 624 4448 d)
640 4399 798 4439 Katelenburh
816 4401 835 4442 2.
898 4399 920 4453 e)
937 4401 1009 4441 nolite
1028 4423 1053 4431 -
1069 4402 1147 4442 facere
1163 4401 1240 4442 doram
1257 4405 1277 4442 1.
1295 4395 1329 4440 lb.
