3114 4814
301 352 317 400 2
594 350 715 402 BRUNO
733 351 783 400 DE
802 350 921 401 BELLO
942 350 1129 402 SAXONIOO.

299 519 391 604 potui
420 540 458 582 co
505 539 623 582 oscere.
668 518 764 598 Quod
786 539 859 581 eum
881 518 931 580 sui
952 517 1183 602 magnitudine,
1206 527 1276 582 tum
1298 519 1422 584 miseri·

300 601 432 666 cordiaa
488 603 528 683 ei,
559 624 655 688 quam
676 602 803 687 inipso
828 600 910 664 bello
933 603 1059 687 experti
1081 623 1202 682 sumus,
1230 612 1279 666 est
1301 624 1420 667 memo·

298 683 408 765 rabile,
432 687 514 750 sicut
534 687 569 748 in
591 684 808 784 sequentibus,
830 685 858 748 si
880 686 951 770 quis
965 685 1071 770 legere
1087 684 1280 770 dignabitur,
1302 687 1422 770 poterit

299 790 482 854 agnoscere.
520 768 574 834 Sic
596 791 681 833 emm
702 771 736 834 in
757 766 884 854 flagello
907 771 983 834 vino
1006 769 1183 833 severitatis
1199 768 1304 833 oleum
1306 769 1419 916 dpieta-

171 875 229 916 nat.
237 875 258 924 s,
267 877 288 918 r.
298 854 340 917 tis
362 852 541 934 admiscuit,
565 863 601 917 ut
623 863 654 917 et
675 851 865 939 prophetam
887 877 963 918 vera
984 852 1218 917 locutum=esse
1240 875 1304 938 gau
1329 863 1419 918 entes

298 957 559 1022 agnosceremus:
582 935 675 1000 ‘Oum
690 937 790 1002 iratus
803 935 911 1018 fueris,
927 937 1164 1001 misericordiae
1179 934 1417 1018 recordaberis',

135 1033 287 1087 acanum.
298 1029 330 1084 et
351 1019 544 1105 apostolum:
567 1019 696 1084 ‘Fidelis
722 1019 823 1102 Deus,
846 1021 901 1106 qui
924 1043 988 1084 non
1010 1022 1172 1106 permittet
1194 1042 1252 1085 vos
1266 1029 1331 1084 tem
1356 1021 1417 1084 tan·

298 1126 395 1188 super
415 1103 449 1168 id
472 1103 559 1189 quod
580 1105 731 1188 potestis'.
768 1103 833 1168 Sed
855 1105 1042 1190 priusquam
1057 1105 1211 1202 incipiam
1225 1042 1416 1190 ipsiusbelli
1515 1121 1518 1129 ’

297 1189 412 1252 seriem
434 1186 604 1272 explicare,
627 1197 752 1273 oportet
773 1211 824 1252 me
847 1209 950 1273 pauca
964 1188 1003 1252 de
1018 1189 1155 1274 pueritia
1168 1187 1219 1252 vel
1233 1186 1417 1251 adolescen-

297 1272 342 1336 tia
364 1271 506 1336 eiusdem
521 1271 666 1335 Heinrici
688 1272 899 1358 praemittere,
922 1281 958 1335 ut
979 1271 1056 1334 dum
1078 1270 1204 1357 qualem
1219 1273 1320 1335 vitam
1334 1292 1417 1356 puer
1550 1343 1551 1346 Ἴ

297 1353 349 1419 vel
369 1354 553 1420 adolescens
575 1356 706 1439 agebat,
721 1354 821 1418 lector
843 1356 1017 1440 agnoverit,
1039 1356 1145 1419 minus
1164 1356 1304 1436 miretur,
1327 1354 1414 1440 quod
1549 1355 1551 1430 j

298 1439 483 1502 intestinum
505 1437 625 1503 bellum
647 1441 698 1501 vir
718 1438 820 1502 factus
843 1440 1007 1538 inceperit.
1045 1439 1167 1504 Verum
1189 1460 1229 1502 ne
1250 1437 1311 1502 hoc
1334 1458 1417 1524 opus
1548 1431 1551 1504 ¹2

298 1521 433 1607 quilibet
461 1523 494 1584 in
521 1541 635 1585 manus
664 1523 824 1606 accipiens
854 1533 961 1587 stat1m
982 1523 1059 1588 velit
1081 1543 1266 1608 conspuere,
1293 1520 1416 1606 placuit
1549 1525 1551 1568 ⁴

296 1605 394 1668 michi
425 1605 504 1668 illud
533 1607 631 1669 vestri
657 1607 794 1669 nominis
822 1608 1062 1692 praenotatione
1091 1607 1225 1688 munire,
1256 1615 1414 1692 quatenus
1549 1579 1551 1688 l

296 1689 374 1753 dum
396 1700 537 1753 vestrum
559 1711 677 1754 nomen
697 1690 816 1776 pagina
834 1691 939 1775 prima
953 1691 1158 1774 demonstrat,
1180 1712 1317 1788 sequens
1333 1711 1415 1775 opus
1550 1711 1551 1740 ³

296 1793 317 1835 a
337 1774 439 1858 sputis
462 1772 620 1838 defendat.
656 1773 745 1857 Ergo
767 1783 875 1838 vestra
896 1775 1035 1858 dignitas
1057 1774 1089 1838 di
1114 1783 1206 1838 netur
1226 1771 1305 1837 illud
1326 1782 1415 1838 tanta

266 1854 460 1956 kalamitate
483 1857 657 1942 suscipere,
679 1867 799 1943 quanta
820 1881 840 1920 a
861 1880 912 1922 me
935 1858 1065 1922 offertur
1087 1797 1265 1923 devotione.

184 2111 285 2166 ,Νη
490 2131 494 2138 ,
582 2083 792 2134 saxonicum
809 2085 957 2135 annuunt
975 2084 1118 2136 monn.

214 2229 284 2271 mss.
380 2213 407 2275 1.
444 2203 619 2298 Postquam
641 2212 814 2276 Heinricus
836 2214 1009 2296 imperator
1030 2213 1070 2278 ab
1093 2213 1155 2277 hoc
1177 2210 1304 2275 saeculo
1326 2208 1412 2274 felici

294 2304 394 2358 morte
427 2297 470 2358 mi
495 2297 585 2376 ravit,
616 2295 701 2359 filius
729 2297 797 2360 eius
819 2297 991 2360 Heinricus
1020 2306 1160 2381 quartus,
1190 2294 1357 2358 infeliciter
1377 2295 1411 2357 in

293 2377 355 2441 hoc
377 2318 503 2442 saeculo
525 2378 654 2444 relictus
676 2381 771 2462 vitae,
792 2403 928 2464 regnum
950 2383 1050 2466 patris
1073 2379 1227 2445 electione
1249 2378 1411 2442 communi

294 2463 443 2547 suscepit.
488 2463 583 2542 Quod
606 2466 682 2550 quia
702 2465 807 2527 adhuc
829 2465 987 2545 decenter,
1016 2474 1125 2548 utpote
1147 2461 1302 2549 puerulus
1321 2462 1412 2546 quin-

293 2547 439 2694 quennis,
461 2547 641 2630 gubernare
656 2569 720 2611 non
735 2549 849 2634 potuit,
870 2549 976 2633 ipsum
992 2569 1064 2611 cum
1079 2549 1171 2646 regni
1185 2545 1284 2610 curah
1300 2567 1412 2609 curan-

315 2653 371 2694 um
398 2641 587 2694 cunctorum
616 2633 707 2695 iussu
736 2633 840 2716 princi
864 2654 919 2694 um
941 2642 1043 2696 mater
1064 2633 1165 2718 ips1us
1186 2630 1295 2714 Agnes
1317 2651 1412 2694 vene·

292 2711 404 2777 rabilis
433 2715 622 2800 imperatrix
648 2718 783 2801 accepit.
834 2654 899 2780 led
929 2737 1002 2780 cum
1032 2715 1225 2802 procedente
1253 2723 1318 2777 tem
1344 2713 1410 2778 oris

293 2818 387 2861 cursu
409 2819 490 2882 puer
511 2809 614 2862 aetate
630 2800 772 2884 quidem,
795 2799 931 2864 sednon
952 2799 1108 2885 sapientia
1134 2798 1187 2864 vel
1201 2798 1289 2884 apud
1338 2819 1413 2861 eum

292 2877 343 2945 vel
371 2881 459 3027 dPUd
485 2881 629 2945 homines
655 2884 834 2968 proficeret,
864 2884 1039 2968 matrisque
1066 2884 1188 2948 monita
1214 2882 1304 2966 regio
1326 2881 1411 2946 fastu

215 2967 281 3064 ¹2⁶²:
292 2965 373 3028 tumi
397 2977 454 3028 usc
475 2966 540 3028 iam
555 2967 660 3029 minus
675 2966 809 3048 audiret,
831 2965 936 3049 Anno,
959 2966 1158 3032 Coloniensis
1173 2964 1300 3052 praesul
1314 2986 1410 3029 vene-

251 3036 420 3131 “¹'randus,
443 3070 518 3111 eum
539 3047 693 3114 violenter
713 3051 808 3114 matri
835 3051 953 3149 eripuit
979 3073 1116 3136 eumque
1139 3073 1211 3114 cum
1234 3051 1321 3113 omni
1340 3047 1410 3112 dili-

290 3133 415 3217 gentia,
444 3132 526 3196 sicut
554 3131 690 3197 decebat
715 3134 953 3218 imperatoriam
982 3135 1122 3220 prolem,
1152 3156 1217 3198 non
1245 3143 1312 3198 tam
1340 3133 1409 3217 regi

292 3237 389 3301 quam
410 3237 509 3300 regno
530 3217 739 3301 prospiciens,
762 3219 882 3284 nutrire
904 3219 1039 3283 curavit.
1082 3219 1154 3283 Non
1176 3218 1261 3282 enim
1283 3219 1409 3301 ignora-

137 3319 201 3360 rat.
216 3323 250 3368 ro.
259 3320 280 3364 a.
289 3299 355 3380 bat,
406 3300 471 3364 uod
492 3321 550 3364 rex
572 3301 724 3384 insipiens
746 3302 859 3386 perdet
880 3300 1034 3386 populum
1058 3325 1160 3385 suum,
1191 3311 1222 3366 et
1244 3300 1409 3365 civitates‘¹

289 3381 399 3448 habita
422 3393 519 3448 untur
545 3407 604 3469 per
631 3406 759 3448 sensum
789 3385 1004 3471 prudentium,
1035 3407 1095 3450 nec
1116 3383 1281 3450 nesciebat
1302 3385 1408 3467 etiam,

290 3467 377 3552 quod
400 3469 482 3532 sicut
503 3467 626 3552 aliquos
641 3468 754 3532 humili
769 3471 868 3555 stirpe
881 3480 1065 3554 procreatos
1080 3471 1214 3534 virtutes
1236 3466 1417 3545 declarant,

291 3553 337 3615 sic
360 3573 379 3614 a
401 3553 526 3637 magnis
548 3561 639 3616 natos
661 3551 856 3637 parentibus,
886 3553 912 3616 si
935 3552 1079 3617 doctrina
1101 3554 1240 3652 bonique
1262 3551 1407 3618 defecere

289 3657 404 3715 mores,
433 3638 545 3720 culpae
573 3635 797 3700 dedecorant1.
840 3637 961 3701 Verum
990 3647 1160 3724 postquam
1189 3636 1258 3717 1lle,
1292 3635 1407 3720 puerili

290 3717 494 3803 simplicitate
523 3729 723 3800 transcursa,
753 3719 1010 3803 adolescentiam,
1040 3744 1122 3808 quae
1151 3721 1328 3784 communis
1358 3730 1408 3783 est

289 3804 432 3866 omnium
465 3823 597 3887 campus
624 3802 833 3888 flagitiorum,
866 3805 1028 3890 ingressus
1055 3805 1097 3868 ad
1126 3804 1250 3869 bivium
1278 3803 1406 3868 Samiae

287 3883 434 3950 littera'e²
462 3886 617 3971 pervenit,
646 3885 797 3952 derelicta
826 3887 955 3952 sublimi
983 3890 1114 3953 semitae
1140 3889 1329 3953 dexterioris
1351 3909 1405 3950 an·

287 3973 403 4054 gustia,
426 3968 580 4034 declivem
602 3967 725 4054 plateae
747 3973 893 4037 sinistrae
919 3971 1129 4054 latitudinem,
1158 3994 1222 4058 qua
1243 3971 1407 4036 incederet

287 4053 393 4138 elegit,
417 4051 559 4139 calleque
581 4055 734 4118 virtutum
755 4058 883 4140 penitus
905 4056 1064 4138 abdicato,
1092 4057 1166 4121 totis
1188 4053 1309 4120 viribus
1331 4064 1405 4141 post

1543 2825 1547 2918 t

1542 2933 1546 3080 Ξ

1540 3083 1545 3259 l

286 4213 342 4266 a)t.
363 4216 437 4264 magis
459 4227 487 4255 m.
504 4217 535 4257 ed.
596 4214 619 4267 b)
637 4227 706 4257 caiisa
725 4218 755 4256 ad.
816 4216 837 4270 c)
855 4219 932 4259 taustu
947 4221 1059 4260 tumultus
1076 4223 1095 4262 l.
1158 4217 1181 4271 d)
1198 4220 1293 4260 ciuitate
1311 4221 1330 4258 1.

287 4343 315 4411 1)
328 4343 459 4398 Horat.I
466 4347 492 4409 V,
506 4347 532 4412 4,
547 4347 591 4399 35.
648 4346 818 4414 2)0s.Pars.
833 4348 1021 4414 Sallust.
1047 4349 1147 4402 Aaron.
1168 4351 1250 4418 lapte.
1268 4351 1345 4415 12‚9.
1369 4348 1404 4400 P.
