3116 4822
326 363 376 413 DE
396 362 554 413 UNITATE
573 361 781 414 EchESIAE
802 361 1079 415 consulturum.
1230 364 1263 412 41

143 537 271 600 existimo,
298 554 358 588 ωιτη
384 535 493 588 diuersa
517 543 595 602 atque
619 537 689 588 inter
712 553 739 588 sa
763 537 878 588 adversa
903 535 1027 608 sentiunt,
1047 554 1106 588 curn
1124 555 1217 590 uerum
1235 537 1265 590 id

143 611 231 677 ι’]ηητη
248 610 340 662 dicunt
358 627 446 662 amnes
466 616 490 662 et
508 627 600 662 uerum
618 609 718 674 dicunt,
738 609 772 660 ad
791 609 873 660 unias
898 609 956 662 ueri
974 609 1095 678 magistri
1112 611 1263 678 mapisterio

143 711 198 746 non
215 693 349 744 recedunt.
383 677 450 752 Qui
463 679 558 758 enim,
574 678 677 764 inquit
692 676 848 759 Christus,
860 679 968 742 maior
982 687 1187 760 estuestrum,
1202 681 1429 742 eritnatnssm.

144 763 293 826 minister
307 771 419 826 uester.
438 760 502 835 Qui
513 765 598 828 enim
610 784 642 825 se
653 761 856 840 enodaverit,
868 760 1109 843 humiliabitur,
1121 772 1150 827 et
1161 765 1220 848 qui
1229 786 1263 828 se
1333 745 1368 784 ¹²‘

144 843 306 926 humiliat,
329 845 539 910 incitabitur.
577 844 641 910 Sed
662 846 827 930 cumipse
849 867 931 908 unus
950 847 1105 932 magister
1120 845 1266 912 Christus

145 951 208 1016 que
228 928 321 992 Deus
348 939 453 994 mutet
478 939 541 994 tem
568 951 624 994 ora
650 940 682 994 et
707 929 878 1010 transferat
904 911 1389 1022 regna,tenenscorda⁰ft1f'ff‘

144 1034 258 1098 regum
273 1013 307 1076 in
318 1012 451 1079 dextera
467 1036 534 1096 sua,
544 952 695 1100 iegimus,
707 1013 856 1078 docuisse
867 1012 1125 1080 Hildebrandum
1136 1036 1265 1101 papam,

146 1097 235 1184 quod
264 1107 455 1182 potestatem
482 1100 552 1184 ipse
577 1098 726 1163 habuerit
751 1120 849 1186 super
869 1119 963 1184 reges
986 1108 1018 1163 et
1039 1121 1135 1184 super
1156 1121 1266 1184 regna,

147 1191 180 1246 et
201 1203 297 1266 posse
318 1181 352 1246 id
373 1183 488 1264 facere,
510 1183 596 1268 quod
618 1205 676 1268 per
697 1181 805 1247 Deum
830 1181 901 1247 fieri
930 1190 1054 1247 tantum
1083 1183 1161 1248 dicit
1182 1181 1266 1268 psal·

148 1265 260 1329 mista:
283 1267 380 1332 Hunc
401 1267 553 1332 humiliat
574 1277 602 1332 et
621 1269 707 1332 leuno
723 1267 855 1332 euaitat.
888 1267 978 1332 Nam
992 1268 1128 1349 reddite,
1150 1268 1385 1352 inquit,1>s.r4,s.

148 1372 233 1434 quae
259 1361 336 1414 suut
365 1355 511 1416 caesaris
541 1354 680 1432 caesari,
708 1361 737 1414 et
766 1375 848 1438 quac
875 1361 952 1415 sunt
972 1351 1038 1415 Dei
1059 1353 1146 1431 Deo;
1170 1373 1267 1437 quam
1277 1375 1430 1429 matinensi.

147 1442 232 1498 certe
250 1433 394 1583 relgrulam
408 1436 538 1522 proprio
555 1435 759 1500 confirmavit
772 1433 933 1520 exemplo,
956 1435 1065 1500 dicens
1080 1435 1175 1501 Petro
1191 1457 1267 1522 apo-

147 1517 243 1584 stolo:
300 1529 312 1582 t
333 1544 398 1585 non
420 1521 680 1586 scandalizemus
701 1543 764 1600 eos,
786 1519 820 1583 id
843 1529 951 1584 estne
973 1542 1032 1584 nos
1055 1521 1177 1584 caesari
1193 1533 1429 1588 con-Memfim·

145 1602 339 1668 tradicentes
360 1603 577 1670 tumultuandi
598 1605 638 1669 iis
654 1605 854 1668 occasionem
876 1603 1101 1690 praebeamus,
1124 1604 1207 1670 vade
1223 1607 1267 1670 ad

147 1710 239 1752 marc
260 1698 289 1753 et
303 1691 389 1754 mitte
405 1691 547 1770 hamum,
569 1700 598 1754 et
612 1713 683 1753 eum
693 1691 829 1774 piscem,
852 1691 910 1774 qui
921 1691 1053 1773 primus
1072 1690 1267 1771 ascenderit,

148 1771 231 1853 tolle,
254 1783 283 1836 et
305 1783 417 1860 aperto
437 1797 490 1839 ore
512 1777 584 1838 cius
602 1775 748 1838 invenies
763 1782 930 1854 statercm;
952 1771 1045 1838 illum
1060 1795 1200 1855 sumens,
1222 1775 1267 1840 da

148 1857 193 1922 iis
210 1879 276 1940 pro
291 1881 340 1922 me
362 1868 391 1922 et
411 1867 450 1939 te,
472 1867 501 1922 et
522 1860 633 1922 discite
656 1883 678 1922 a
698 1881 756 1939 me,
780 1858 860 1942 quia
881 1858 969 1920 mitis
991 1881 1063 1922 sum
1085 1869 1113 1922 ct
1136 1858 1269 1922 humilis

149 1941 254 2005 corde.
298 1941 363 2022 Qui
392 1944 488 2008 etiam
515 1941 624 2008 docuit
650 1939 824 2026 apostolos,
847 1939 1024 2022 ecclesiam,
1047 1963 1112 2006 non
1132 1963 1269 2027 regnum
1279 1957 1431 2010 statuuat·

149 2022 319 2110 disponere
341 2025 392 2092 vel
415 2027 579 2110 ordinare,
603 2025 690 2114 quod
704 2048 763 2090 nec
786 2026 855 2111 ipse
877 2023 994 2110 legitur
1011 2025 1189 2107 affectasse,
1213 2027 1269 2110 qui

149 2107 232 2194 fugit
259 2111 293 2172 in
323 2121 464 2176 montem
493 2109 579 2176 solus
609 2133 710 2192 orare,
741 2131 813 2173 cum
835 2109 949 2175 turbae
971 2111 1134 2174 venissent
1154 2131 1268 2196 rapere

151 2214 225 2257 eum
247 2203 279 2258 et
301 2217 410 2281 regem
426 2197 629 2277 constituere,
653 2197 803 2282 quoniam
827 2203 910 2258 ‘cum
927 2195 960 2257 in
975 2193 1078 2258 forma
1094 2195 1157 2259 Dei
1174 2203 1430 2276 assisterent.

150 2277 285 2342 formam
301 2281 388 2344 servi
403 2281 583 2366 accipiens’,
600 2281 698 2345 ‘venit
712 2301 777 2343 non
792 2279 976 2360 ministrari,
998 2281 1054 2344 sed
1069 2280 1267 2344 ministrare'.
1280 2305 1432 2357 nacturum.

148 2361 247 2426 quta
279 2363 366 2449 quod
398 2365 495 2429 etiam
528 2363 646 2428 Paulus
679 2363 861 2450 apostolus,
895 2384 967 2427 cum
1000 2361 1082 2428 liber
1112 2373 1197 2428 esset
1229 2386 1270 2428 ex

150 2447 309 2531 omnihus,
343 2449 486 2513 omnium
518 2471 552 2512 se
585 2471 714 2512 servum
745 2448 829 2528 fecit,
861 2458 896 2512 ut
928 2445 1036 2532 plures
1058 2447 1432 2518 lucrifaceret.1.cor.o‚1o.

149 2530 246 2595 Unde
268 2541 300 2596 et
314 2531 490 2619 Gregorius
513 2553 608 2620 pape,
631 2554 704 2596 cum
723 2541 806 2596 esset
828 2553 971 2594 summus
994 2531 1141 2618 pontifex
1161 2542 1193 2598 et
1207 2533 1270 2595 vir-

151 2623 256 2680 tutum
284 2617 410 2699 artifex,
436 2618 470 2680 in
498 2626 624 2681 tantum
645 2638 679 2680 se
701 2615 784 2680 infra
807 2636 917 2678 omnes
940 2615 1128 2700 humiliavit,
1150 2627 1186 2682 ut
1230 2619 1270 2680 ri-

150 2722 223 2764 mus
244 2700 313 2786 ipse
336 2703 406 2766 ine
431 2699 532 2766 istolis
556 2702 623 2764 suis
645 2722 772 2764 servum
796 2720 961 2764 servorum
980 2700 1044 2764 Dei
1074 2722 1108 2764 se
1129 2638 1269 2786 appella-

151 2785 234 2849 verit
260 2795 292 2850 et
317 2785 379 2850 hoc
407 2724 595 2850 humilitatis
625 2807 742 2850 nomen
771 2783 813 2848 ad
840 2791 987 2868 posteros
1014 2805 1141 2870 quoque
1168 2794 1269 2848 trans-

150 2869 281 2934 miserit.
326 2869 391 2951 Qui
419 2872 453 2934 in
480 2869 562 2935 libro
586 2867 759 2934 Pastorslis
783 2868 888 2934 Curae
910 2869 1080 2966 proposuit
1108 2867 1148 2934 de
1178 2868 1269 2933 bonis

149 2951 284 3020 subditis
312 2965 345 3019 et
370 2954 463 3019 malis
484 2953 663 3020 rectoribus
685 2951 869 3039 exemplum
892 2951 998 3018 Saulis
1020 2961 1051 3016 et
1072 2952 1191 3035 David,
1214 2955 1270 3040 qui

150 3047 246 3122 certe,
272 3037 349 3102 dum
370 3062 445 3104 eum
460 3049 569 3126 posset
583 3038 807 3124 eundemquea
822 3045 1061 3124 persecutorem
1075 3060 1170 3102 suum
1185 3039 1269 3102 occi-

148 3121 234 3205 dere,
246 3121 349 3188 noluit
361 3124 515 3206 occidere,
532 3145 569 3187 eo
586 3122 673 3210 quod
687 3132 771 3187 esset
785 3122 922 3186 christus
933 3121 1077 3203 Domini,
1092 3121 1225 3208 insuper
1238 3134 1270 3188 et

148 3207 234 3272 viros
257 3229 342 3290 suos,
364 3231 405 3273 ne
421 3217 651 3293 consurgerent
671 3207 705 3270 in
727 3228 811 3285 eum,
832 3205 950 3291 legitur
971 3207 1173 3272 sermonibus
1196 3228 1268 3271 con-

148 3289 283 3376 fregisse
304 3303 346 3374 et,
368 3295 444 3378 quia
464 3291 515 3356 vel
537 3315 626 3356 oram
648 3289 827 3376 chlamydis
857 3313 933 3355 suae
958 3291 1028 3378 ipse
1049 3290 1268 3381 praecidisset,

148 3377 355 3460 poenituisse.
383 3391 416 3444 Si
431 3392 547 3458 quando,
567 3378 701 3462 inquii¹‚
721 3396 813 3442 contra
824 3397 936 3442 rectores
955 3393 996 3442 vel
1007 3391 1037 3442 in
1049 3389 1164 3442 minimis
1177 3391 1269 3457 linpua

150 3466 265 3530 labatur,
286 3483 338 3533 per
363 3464 532 3534 afflictionem
550 3465 729 3532 poenitentiae
748 3481 793 3514 cor
808 3469 954 3528 prematur,
982 3470 1083 3514 etcum
1097 3463 1268 3528 praepositae

144 3539 271 3606 potestati
290 3539 386 3606 aliquis
405 3537 559 3604 detraxerit,
584 3539 640 3592 eins
663 3537 801 3600 iudicium,
822 3555 839 3586 a
857 3554 908 3602 quo
928 3535 980 3588 sibi
993 3537 1120 3602 praelata
1138 3543 1183 3601 est,
1204 3553 1268 3603 per·

148 3621 299 3684 horrescam
317 3621 391 3688 quia,
415 3621 521 3672 cumin
534 3621 712 3690 praepositos,
734 3605 788 3685 ait,
810 3618 997 3686 delinquimus,
1017 3618 1073 3670 eins
1094 3618 1267 3684 ordinationi,

149 3705 196 3770 qui
222 3721 265 3756 cos
287 3703 680 3770 accepimusaccelimus.
726 3689 770 3752 El
795 3698 832 3752 ut
860 3687 921 3750 hoc
946 3684 1095 3774 exemplo
1116 3687 1269 3772 probaret

171 3771 237 3836 uod
266 3773 385 3858 scripto
415 3770 525 3849 edidit,
555 3793 596 3836 ne
623 3773 658 3835 in
685 3772 884 3838 ethnicorum
916 3770 1044 3858 quidem
1073 3780 1175 3835 morte
1197 3771 1267 3858 ipse

148 3793 284 3921 dilectus
299 3856 371 3921 Deo
387 3854 567 3942 Gregorius
589 3877 658 3920 sese
680 3859 816 3922 miscere
831 3855 941 3938 voluit,
964 3854 1021 3920 sed
1044 3877 1117 3919 cum
1139 3855 1268 3920 efficere

146 3942 297 4026 potuerit,
320 3941 493 4026 sicutipse
516 3939 627 4004 scribit
636 3951 658 4020 ²,
685 3941 771 4027 quod
793 3963 874 4026 gens
897 3939 1185 4024 Longobardorum
1206 3961 1267 4003 nec

147 4046 182 4088 re
207 4047 258 4090 em
284 4046 344 4090 nec
371 4025 469 4089 duces
497 4045 558 4088 nec
587 4025 720 4090 comites
747 4025 889 4108 haberet,
917 4023 996 4088 nihil
1023 4022 1138 4088 horum
1160 4022 1267 4088 facere

147 4047 258 4192 voluit,
281 4111 358 4196 quia
378 4109 488 4174 Deum
509 4111 622 4174 timere
645 4131 679 4174 se
701 4108 788 4174 dicit.

148 4251 171 4305 a)
187 4255 287 4295 eundem
304 4258 323 4298 1.

149 4347 178 4416 1)
198 4350 322 4418 Gregorii
340 4351 364 4402 1.
385 4352 475 4419 Opera
487 4351 526 4413 11,
545 4368 572 4418 p.
586 4351 630 4403 39.
705 4349 734 4416 2)
749 4350 873 4415 Gregorii
886 4349 976 4417 Opere
989 4349 1036 4413 lv,
1059 4350 1083 4410 1,
1103 4366 1129 4416 p.
1145 4348 1206 4401 162.
