3116 4822
291 379 327 426 22
482 374 532 425 DE
552 371 709 425 UNITATE
729 368 931 420 EGGLESIAE
952 363 1228 418 CONSERVANDA.

382 545 428 606 11.
471 542 579 626 Atque
601 541 715 604 iterum
738 537 824 602 idem
845 535 1050 599 Innocentius
1075 554 1176 620 papa:
1207 545 1266 598 sur
1292 556 1359 599 certe
1384 549 1412 599 m

294 641 448 706 eaenrphrm,
468 625 514 688 ait
526 638 545 706 ¹,
568 637 714 689 sollicitudo
740 644 763 687 et
786 633 894 686 tristitia
904 635 1036 700 fratrum,
1063 649 1142 697 qaam
1161 646 1239 695 saepe
1253 630 1413 694 pertulimus

294 715 453 779 imperatore
461 717 610 780 praesente,
625 728 682 761 cnm
691 726 743 774 pro
753 725 821 774 pace
835 705 1002 759 ecclesiarum
1014 721 1093 770 saepe
1105 720 1267 772 reparemus,
1280 703 1413 768 capientes

294 805 336 839 eos
350 786 379 836 in
391 793 485 838 nostra
497 787 612 851 recipere
625 782 735 849 amcera,
756 782 802 847 qai
814 780 1008 846 requisiverant
1021 777 1170 841 sanitatem,
1187 793 1221 827 na
1237 775 1285 827 dia
1297 776 1414 826 membra

296 869 329 919 ab
348 869 449 920 unitate
468 868 584 934 corporis
603 866 764 916 haberentur
782 865 880 916 almae.
912 846 977 926 Qui
991 848 1098 928 etiam,
1121 856 1157 908 ut
1178 841 1413 929 supradictum

295 945 352 1016 est,
367 934 501 1020 loquens
517 935 557 1000 de
569 933 753 997 ministeriis
768 940 976 1016 potestatum:
997 943 1131 1008 Qomodo
1144 941 1265 1004 maiores,
1279 928 1414 1012 inquit²,

294 1023 380 1076 nostri
392 1025 612 1090 reprehenderent
619 1023 735 1088 saetam,
753 1021 825 1088 qnod
838 1029 945 1073 auctore
957 1019 1014 1072 Deo
1029 1017 1163 1070 uideretur
1178 1033 1232 1068 esse
1246 1015 1414 1068 concessum?

294 1097 337 1149 De
356 1095 398 1148 his
417 1114 477 1166 erqo
493 1096 677 1164 potestat-ibas,
696 1102 725 1146 m
745 1095 872 1146 hactemus
891 1099 1024 1146 serratum
1043 1097 1088 1155 est,
1107 1091 1144 1141 sic
1163 1090 1297 1154 habemas,
1316 1107 1348 1141 mc
1367 1097 1415 1140 atet

295 1169 464 1236 disciplinam
489 1179 602 1223 euertere
627 1176 674 1219 ant
699 1176 792 1218 contra
817 1168 999 1219 auctoritatem
1017 1161 1129 1215 Domini
1153 1161 1243 1214 oenire
1267 1163 1414 1226 videamur,

296 1242 390 1308 quibas
410 1253 477 1296 certe
495 1243 525 1295 in
537 1243 665 1294 rationem
678 1241 843 1292 reddendam
853 1250 927 1307 perta
939 1257 991 1291 aaa
1006 1238 1095 1288 omm'a
1108 1237 1293 1288 servabantur.
1319 1236 1415 1287 Nulla-

297 1335 372 1376 tenas
392 1323 470 1388 enim,
490 1311 603 1396 inquit,
626 1323 797 1375 condemnari
816 1331 903 1388 potest
931 1322 1046 1372 hnmano
1076 1319 1209 1382 oramine,
1238 1335 1314 1384 qaam
1340 1318 1416 1370 Deae

297 1423 344 1457 suo
363 1405 462 1458 iudicio
480 1409 634 1460 reservavit.
664 1391 760 1471 Ecce,
784 1389 944 1475 quomodo
968 1386 1040 1452 talis
1060 1384 1111 1451 illc
1127 1387 1320 1471 apostolicus
1339 1385 1416 1450 alio-

297 1495 433 1558 rumque
468 1475 563 1539 simul
599 1472 846 1560 apostolicorum
882 1473 1024 1537 virorum
1062 1492 1240 1534 consensus
1276 1490 1415 1533 errorem

297 1578 418 1639 eorum,
446 1570 604 1645 quotquot
633 1557 870 1643 reprehendunt
897 1564 1072 1643 potestates
1101 1554 1216 1618 aDco
1244 1553 1416 1634 ordinatas,

298 1640 469 1706 destruxit:
491 1657 528 1708 Et
552 1655 575 1706 ri
599 1656 693 1708 iter-um
717 1672 785 1722 quae
804 1655 931 1717 destruat,
951 1640 1084 1724 inquit³‚
1107 1652 1256 1720 reaedifico,
1271 1651 1416 1718 praevari-

297 1748 411 1790 catorem
429 1757 469 1792 me
488 1738 622 1792 amaraco.
654 1722 793 1787 Proinde
811 1721 939 1786 lectoris
960 1723 1132 1808 prudentia
1154 1723 1274 1819 pariter
1296 1729 1327 1784 et
1348 1718 1417 1783 dili-

297 1807 406 1892 gentia
438 1807 591 1888 attendat,
627 1807 655 1869 si
688 1829 761 1870 curn
789 1807 949 1890 scriptura
978 1808 1081 1872 sancti
1113 1805 1207 1868 huius
1236 1805 1417 1868 innocentii

298 1913 403 1954 sermo
418 1890 633 1956 Hildebrandi
648 1913 691 1976 pa
715 1913 753 1954 ae
769 1892 949 1971 conveniat,
971 1891 1026 1977 qui
1049 1912 1121 1954 eum
1145 1889 1224 1952 dicit
1238 1888 1417 1952 Arcadium

297 1976 522 2060 imperatorem
545 1975 637 2060 quasi
650 1914 827 2039 iudicatum
843 1974 1140 2038 excommunicasse
1162 1971 1217 2036 vel
1238 1972 1418 2054 damnasse,

299 2061 356 2157 qui
377 2061 473 2124 etiarn
495 2059 555 2122 hoc
570 2057 703 2140 addidit,
726 2059 893 2123 scribens4
913 2080 973 2144 pro
994 2059 1080 2142 regis
1095 2057 1294 2121 Francorum
1316 2056 1419 2121 deiec-

299 2155 393 2224 tlone,
415 2143 503 2232 quod
524 2141 639 2206 beatus
662 2143 836 2228 Gregorius
858 2142 904 2206 ita
925 2144 1182 2227 perscripturus
1211 2161 1288 2204 suae
1311 2139 1419 2205 decre·

298 2237 366 2290 tum
397 2227 628 2308 constituerit⁵,
655 2236 699 2308 ut,
727 2229 754 2288 si
783 2226 854 2311 quis
884 2248 1006 2310 regum,
1033 2225 1245 2306 sacerdotum,
1274 2223 1418 2288 iudicum

298 2320 394 2396 atque
423 2309 634 2375 saecularium
661 2331 870 2396 personarum
900 2310 1133 2374 constitutionis
1163 2330 1239 2373 suae
1265 2309 1420 2394 paginam

298 2415 476 2478 agnoscens
498 2403 609 2458 contra
630 2417 700 2459 eam
723 2395 831 2458 venire
853 2396 1066 2479 temptaverit,
1088 2393 1256 2478 potestatis
1277 2391 1419 2457 honoris-

299 2499 362 2562 que
391 2479 441 2542 sui
469 2476 625 2560 dignitate
652 2488 768 2543 careat.
814 2478 865 2541 De
894 2477 1012 2564 quibus
1041 2477 1170 2542 tandem
1198 2477 1329 2560 regibus
1352 2476 1421 2541 vult

298 2571 333 2625 ut
355 2559 417 2625 hoc
439 2560 679 2646 intelligamus?
709 2584 782 2625 cum
804 2560 882 2624 nihil
905 2560 967 2626 tale
990 2562 1173 2646 inscriptis
1197 2560 1283 2624 illius
1306 2562 1418 2626 eximii

299 2645 439 2710 doctoris
466 2644 616 2731 Gregorii
646 2646 752 2710 adhuc
779 2645 962 2730 legerimus,
992 2647 1048 2731 qui
1073 2645 1239 2710 deferebat
1266 2645 1420 2710 honoram

299 2730 352 2793 cui
374 2729 513 2794 debebat
533 2731 697 2813 honorem,
720 2731 803 2794 sicut
817 2732 912 2794 docet
934 2727 1107 2816 apostolus,
1131 2731 1185 2814 qui
1207 2751 1272 2792 non
1293 2730 1420 2794 resiste-

298 2814 354 2878 bat
375 2836 435 2879 nec
456 2814 668 2879 resistendum
691 2813 829 2878 docebat
849 2813 1073 2898 potestatibus,
1097 2835 1170 2877 curn
1191 2815 1342 2877 resistens
1365 2812 1421 2876 ali-

299 2899 370 2982 quis
391 2899 519 2962 resistat
532 2899 596 2962 Dei
619 2898 821 2979 ordinationi,
845 2898 900 2982 qui
921 2898 1080 2982 praecipit
1100 2896 1234 2961 reddere
1250 2908 1422 2983 quaesunt

299 2983 437 3044 caesaris
460 2982 591 3045 caesari.
635 2982 686 3045 Dc
708 2980 835 3066 quibua,
863 2985 1005 3066 inquam,
1033 2982 1164 3066 regibus
1186 2980 1263 3063 vult,
1292 2992 1328 3046 ut
1349 3004 1421 3066 pro-

298 3065 441 3148 positum
471 3063 550 3127 illud
580 3064 756 3151 capitulum
783 3064 1021 3149 intelligamus?
1050 3065 1196 3150 nunquid
1223 3064 1263 3128 de
1290 3066 1421 3149 regibus

299 3149 507 3230 Francorum,
523 3149 588 3213 sive
605 3151 645 3213 de
660 3149 906 3234 imperatoribus
918 3149 1159 3214 Romanorum?
1181 3148 1275 3214 Certe
1288 3152 1421 3212 sanctis-

300 3233 399 3296 simus
429 3230 482 3296 ille
516 3253 601 3318 papa
633 3232 808 3318 Gregorius
840 3231 983 3319 appellat
1014 3234 1177 3297 Romanos
1210 3233 1421 3317 imperatores

300 3315 446 3380 dominos
469 3338 544 3380 suos
567 3328 654 3382 etse
677 3339 805 3381 servum
827 3339 948 3399 eorum,
975 3339 1068 3402 reges
1090 3326 1197 3382 autem
1221 3317 1421 3381 Francorum

299 3399 382 3464 filios
416 3421 490 3464 suos
523 3422 561 3465 ao
594 3423 628 3466 se
660 3411 785 3487 patrem
813 3423 932 3467 eorum.
976 3400 1060 3464 Nam
1093 3423 1168 3466 curn
1202 3401 1420 3486 comperisset,

300 3485 509 3548 simoniacam
536 3493 568 3549 et
594 3485 830 3570 neophytorum
856 3483 984 3549 hereses
1012 3483 1108 3570 longe
1134 3485 1262 3570 lateque
1288 3507 1421 3571 prorsus

300 3569 491 3649 excrevisse,
524 3570 652 3655 scripsit
684 3571 766 3633 inter
797 3579 904 3632 cetera
935 3569 1067 3652 regibus
1099 3569 1304 3650 Francorum,
1338 3571 1422 3636 siout

299 3649 436 3735 legitur⁰
460 3652 493 3714 in
508 3655 600 3718 tertio
615 3651 697 3718 libro
719 3652 758 3716 de
781 3653 848 3716 vita
869 3653 969 3738 ipsius
991 3651 1143 3737 Gregorii
1163 3674 1282 3739 papae:
1305 3669 1421 3721 Paterno

302 3856 325 3911 a)
341 3859 373 3898 tta
391 3859 476 3909 Innoc.,·
492 3859 531 3900 Sic
549 3863 569 3900 1.

304 4028 329 4089 1)
355 4025 513 4078 Pontificum
532 4028 710 4078 Romanorum
737 4027 868 4094 epistulae
888 4030 1020 4094 genuinae
1042 4044 1096 4080 cur.
1118 4028 1331 4089 schoenemann,
1355 4028 1420 4078 Got-

301 4103 393 4166 tingae
411 4101 490 4163 1796,
510 4101 532 4164 I,
551 4118 577 4167 p.
596 4099 658 4152 509.
734 4101 761 4164 2)
781 4101 927 4153 Hinschius
946 4119 972 4168 p.
990 4101 1052 4151 532.
1129 4103 1156 4165 3)
1178 4103 1295 4152 Decreta
1318 4101 1419 4152 Leonis

301 4190 398 4240 papae,
418 4174 564 4225 Hinschius
588 4191 614 4239 p.
632 4175 694 4226 578.
776 4174 804 4238 4)
831 4173 901 4225 Jafft
927 4175 945 4224 l.
967 4190 989 4225 c.
1016 4193 1041 4240 p.
1062 4173 1124 4224 458.
1201 4177 1227 4238 5)
1255 4175 1336 4239 Greg.
1358 4191 1420 4239 epp.

301 4248 381 4308 XIII,
397 4248 438 4298 11.
458 4248 499 4298 12.
575 4246 604 4313 6)
626 4249 715 4314 Opera
736 4248 777 4298 ed.
798 4248 901 4298 Bened.
922 4248 968 4310 IV,
989 4265 1015 4313 p.
1031 4247 1064 4295 82
1085 4246 1178 4312 (Grcg.
1199 4265 1260 4314 epp.
1280 4249 1327 4297 IX.
1343 4247 1420 4311 214).
