3114 4814
343 345 393 397 DE
415 345 573 398 UNlTA‘l'E
593 346 799 400 ncctnslnlt
819 348 1096 404 CONSERVANDA.
1243 351 1278 402 tt

149 523 244 578 sunt:
277 512 508 578 Thiederichus
532 513 779 580 Viridunensis⁸
801 514 957 582 ecclesiae
979 519 1160 604 episcopus,
1190 518 1354 586 Heu-roas.

150 599 261 662 richus
283 599 456 683 episcopus
470 597 623 680 Leodiae,
646 597 859 664 Ohuonradus
874 601 1044 686 episcopus
1059 602 1276 668 Traiectensis

149 681 321 762 ecclesiae,
344 681 517 747 Udalricus
532 681 769 748 Eihstatensisl'
785 683 938 750 ecelesiae
953 687 1135 772 episcopus,
1152 686 1277 772 Megin·

153 766 281 832 wardus
297 767 514 852 Frisingensis
528 765 685 833 ecclesiae
703 769 885 854 episcopus,
897 767 974 834 Otto
985 772 1159 870 episcopus
1174 771 1278 838 Ratis-

150 872 266 937 ponae,
279 849 495 918 Ruohberdus
507 853 679 938 episcopus
688 851 985 939 Babenbergensis⁰
993 853 1157 935 eccles1ae,
1170 855 1277 920 Huoz-

151 935 313 1000 mannus‘l
341 935 504 1022 Spirensis
531 936 687 1002 ecclesiae
709 938 892 1023 episcopus,
922 938 999 1004 Otto
1022 939 1277 1004 Constantiensis

147 1019 307 1084 ecclesiae
330 1022 513 1107 episcopus,
535 1021 721 1086 Bureardus
744 1021 918 1108 episcopus
941 1021 981 1088 de
996 1023 1156 1106 Losanna,
1186 1024 1222 1089 Si
1246 1047 1276 1090 e·

151 1103 257 1168 fridus
284 1107 459 1252 episcopus
489 1128 532 1170 ex
552 1106 712 1190 Augusta,
743 1105 955 1172 Gebehardus
978 1108 1150 1194 episcopus
1173 1047 1277 1173 Beie-

152 1190 273 1253 mensis
316 1190 466 1276 ePraga,
487 1188 562 1256 Udo
580 1188 895 1256 Hildinisheimensis
917 1189 1070 1257 ccclesiae
1093 1194 1277 1278 episcopus,

153 1272 337 1338 Henrichus
349 1273 662 1341 Paderbrunnensis⁰
675 1297 693 1340 e
717 1275 860 1362 iscopus,
871 1276 964 1360 Erph
979 1277 1151 1362 episcopus
1165 1276 1276 1340 Mona·

152 1358 253 1440 sterii‚
276 1357 427 1424 Folcmar
441 1359 618 1424 Mindensis
633 1296 788 1424 ecclisiae
804 1361 994 1446 episcopus,
1017 1359 1100 1426 Bibo
1116 1360 1276 1425 Tullensis

151 1441 309 1506 ecclesiae
335 1444 517 1530 episcopus,
546 1445 623 1531 quia
648 1465 708 1530 per
735 1467 769 1508 se
797 1445 905 1530 ipsum
933 1443 1049 1510 adesse
1075 1467 1140 1509 non
1162 1445 1277 1532 potuit,

151 1547 213 1612 per
233 1525 358 1612 legatos
380 1549 465 1608 suos,
487 1529 543 1614 qui
564 1529 635 1592 vice
657 1550 717 1592 sua
738 1529 923 1606 intererant,
952 1527 1028 1592 huic
1051 1529 1175 1614 synodo
1203 1551 1278 1594 con·

151 1613 253 1676 sensit
274 1621 307 1676 et
328 1610 534 1698 subscripsit3
557 1612 739 1678 Burcardus
762 1635 891 1712 quoque
913 1612 1100 1679 Basiliensis
1122 1613 1277 1678 ecclesiae

151 1696 326 1782 episcopus
356 1705 388 1761 et
421 1695 499 1762 Otto
533 1695 797 1782 Stranburgenns
830 1696 984 1762 ecelesiae
1018 1699 1191 1784 episcopus
1219 1720 1278 1783 per

151 1779 276 1866 legatos
314 1801 389 1844 suos
425 1789 654 1846 consenserunt
688 1791 721 1846 et
751 1781 1022 1868 subscripserunt,
1056 1783 1111 1866 qui
1169 1791 1278 1868 ropter

152 1863 262 1930 hostes
294 1864 438 1930 ecclesiis
472 1865 538 1928 suis
570 1864 742 1930 crudeliter
776 1866 873 1930 nimis
905 1867 1108 1930 imminentes
1145 1805 1276 1930 domum

153 1949 279 2014 dimissi
301 1958 383 2015 sunt.
411 1949 455 2014 Et
475 1949 568 2014 multi
590 1949 686 2014 simul
699 1947 881 2036 presbyteri
901 1959 999 2036 atque
1014 1949 1165 2016 diacones
1180 1951 1276 2014 inter-

151 2033 281 2099 fuerant
301 2033 378 2098 huic
399 2033 523 2119 synodo
546 2034 780 2120 congregataef
808 2035 842 2098 in
864 2035 992 2099 civitate
1014 2034 1192 2120 Mogontia,
1220 2035 1275 2100 uhi

153 2128 187 2183 et
209 2119 362 2200 omnium,
386 2119 468 2183 sicut
489 2117 609 2182 dictum
633 2130 691 2199 est,
715 2120 941 2204 episcoporum
955 2118 1067 2184 aderat
1089 2140 1275 2200 consensus,

153 2203 224 2266 sive
247 2203 289 2267 de
310 2201 406 2267 Italia
428 2203 498 2266 sive
514 2201 630 2282 Gallia,
652 2205 751 2266 immo
774 2202 814 2268 de
837 2203 924 2268 omni
947 2202 1106 2268 catholica
1127 2201 1275 2284 ecclesia,

153 2288 190 2351 in
218 2309 355 2372 quorum
383 2286 514 2352 alternis
542 2287 694 2352 cordibus
720 2287 803 2352 vivit
822 2287 975 2388 spiritalis
996 2310 1087 2352 amor
1108 2296 1140 2353 et
1160 2287 1275 2372 gratia,

154 2381 201 2453 ut,
224 2371 308 2436 sicut
322 2371 477 2436 unitatem
495 2383 604 2436 tenere
621 2371 755 2436 firmiter
777 2381 809 2436 et
822 2371 988 2436 vrndicare
1003 2371 1121 2438 debent
1135 2372 1275 2436 maxime

154 2455 310 2542 episcopi,
333 2457 389 2542 qui
410 2457 444 2520 in
459 2454 596 2520 ecclesia
616 2455 811 2542 praesident,
832 2457 878 2520 ita
899 2457 1124 2556 episcopatum
1146 2477 1275 2556 quoque

156 2561 257 2602 unum
279 2551 376 2625 atque
397 2539 574 2604 indivisum
595 2539 743 2626 probent.
785 2539 907 2606 Multae
938 2540 1098 2626 siqtudem
1121 2541 1276 2606 scelestae

154 2623 278 2687 faciunt
299 2647 397 2688 unam
420 2623 610 2689 catholicam
631 2623 811 2707 ecclesiam,
837 2634 869 2688 et
889 2624 964 2688 licet
984 2623 1092 2709 plures
1115 2625 1190 2690 facti
1212 2625 1275 2690 sint

154 2707 348 2790 sacerdotes,
379 2731 461 2772 unus
482 2719 590 2774 tamen
611 2718 661 2774 est
682 2708 887 2794 episcopatus
916 2718 1048 2794 propter
1075 2729 1171 2772 unam
1202 2730 1275 2772 ean-

155 2791 295 2880 demque
322 2791 489 2858 ecclesiam
511 2791 712 2858 catholicam.
756 2795 863 2874 Quam
893 2791 1015 2856 scihcet
1042 2793 1195 2856 unitatem
1218 2793 1275 2879 qui

154 2897 221 2940 non
246 2886 342 2959 tenet,
373 2875 496 2942 alienus
525 2887 582 2959 est,
612 2876 766 2963 profanus
795 2886 844 2941 est
872 2886 904 2940 et
924 2875 1025 2941 hostis
1047 2886 1104 2960 est,
1127 2877 1212 2941 sicut
1233 2899 1275 2941 ex

155 2962 320 3026 communi
341 2971 523 3026 sanctorum
544 2972 673 3047 patrum
694 2961 815 3026 iudicio
837 2959 1010 3026 diffinitum
1032 2971 1088 3026 est.
1132 2960 1198 3025 Sed
1220 2958 1275 3026 ali-

154 3047 212 3132 qui
241 3046 466 3132 episcoporum
496 3048 643 3110 exierunt
667 3046 709 3111 ab
730 3044 858 3110 illorum
880 3046 1114 3127 communione,
1138 3067 1275 3194 fluorum

154 3139 331 3195 conventus
353 3141 403 3194 est
424 3131 493 3196 sive
508 3152 683 3194 consensus
702 3130 749 3196 ibi
762 3130 867 3196 fuerat
886 3153 944 3215 pro
959 3152 1135 3216 recuperari
1160 3150 1275 3216 apace

154 3214 208 3279 vel
235 3212 390 3280 ecclesiae
418 3213 471 3280 vel
497 3216 544 3280 rei
565 3213 726 3302 publicae,
748 3215 804 3302 qui
825 3216 922 3280 etiam
943 3237 985 3278 ex
1007 3213 1108 3279 multo
1130 3223 1275 3301 tempore

155 3297 329 3363 noluerunt
353 3321 455 3386 usque
482 3299 587 3364 adhuc
616 3299 852 3371 communicare
882 3297 952 3363 sedi
980 3297 1184 3385 apostolicae,
1207 3300 1275 3362 sine

155 3385 248 3447 cuius
269 3384 458 3449 auctoritate
479 3405 539 3447 nec
553 3384 617 3470 ipsi
632 3382 762 3469 quidem
784 3392 919 3468 possunt
932 3381 1067 3447 alicuius
1081 3381 1275 3468 episcopalis

155 3467 256 3532 officii
277 3469 489 3534 ministerium
512 3467 646 3550 habere3
668 3467 805 3554 ideoque
827 3469 971 3552 ipsorum
992 3465 1120 3531 hereses
1145 3475 1177 3531 et
1198 3467 1275 3530 scis-

156 3561 243 3616 mata
269 3551 311 3616 ab
338 3550 487 3618 omnibus
514 3550 678 3617 catholicis
706 3551 879 3637 reprobata
905 3559 980 3614 sunt
1004 3561 1101 3636 atque
1123 3551 1275 3615 damnata

156 3658 230 3700 cum
257 3637 337 3722 ipsis
366 3635 549 3702 auctoribus
578 3636 698 3722 pariter
726 3647 757 3700 et
786 3635 987 3700 consortibus
1014 3645 1167 3700 externae
1190 3657 1275 3699 com-

155 3722 318 3785 munionis
339 3730 436 3807 atque
457 3718 622 3806 perfidiae.
665 3719 711 3784 Hi
732 3731 840 3786 autem
861 3729 945 3801 sunt,
989 3721 1022 3783 ui
1044 3729 1100 3785 aut
1121 3720 1274 3806 fugiendo

156 3805 363 3891 episcopatus
385 3827 461 3870 suos
483 3805 681 3884 dimiserunt,
704 3815 760 3869 aut
784 3826 839 3870 eos
860 3827 919 3891 per
940 3741 1025 3870 bdlla
1046 3805 1189 3870 maxima
1211 3803 1274 3868 sibi

157 3888 351 3954 vindicando
377 3898 630 3974 usurpaverunt,
658 3910 699 3952 ne
728 3889 1001 3954 communicarent
1031 3889 1072 3952 iis
1104 3890 1161 3976 qui
1189 3910 1275 3952 com-

157 3975 322 4038 municant
350 3972 506 4039 catholico
532 3971 718 4059 imperatori
745 3971 798 4038 vel
824 3973 893 4038 sedi
922 3972 1133 4060 apostolicae:
1171 3972 1274 4038 Gebe·

155 4056 276 4122 hardus
313 4057 570 4143 Saltaburgensis
607 4055 762 4121 ecclesiae
795 4057 993 4143 archiepisco
1017 4079 1065 4138 us,
1097 4057 1274 4140 Hartvigus

156 4139 466 4228 Magadaburgensis
488 4139 642 4207 ecclesiae
663 4140 935 4228 archiepiscopus,
960 4079 1122 4206 Adalhero
1145 4139 1274 4205 Wirtzi-

155 4275 179 4328 ι)
194 4277 395 4320 Vtridumenstel.
441 4275 465 4328 b)
481 4279 612 4320 Eleuteti.
658 4274 680 4328 c)
695 4275 843 4325 Babenbnrg.
852 4277 873 4317 1.
924 4273 950 4326 d)
965 4276 1062 4316 Enorm.
1073 4277 1095 4316 1.
1145 4273 1169 4328 a)
1183 4275 1241 4317 Pori.
1251 4278 1273 4316 1.

156 4335 174 4386 t)
191 4340 332 4386 congregata
349 4339 376 4386 13
390 4335 480 4380 Hatera.
498 4338 625 4378 mnu.
