3114 4814
339 373 389 424 DE
409 373 569 426 UNITATE
589 363 793 426 Eccnnslnn'
815 374 1090 427 CONSERVANDA.
1234 379 1284 429 101

251 541 303 610 29.
347 540 439 606 Haec
459 549 616 606 memorat
637 551 767 606 sanctus
790 541 974 628 Cyprianus
996 544 1104 630 episco
1129 567 1176 626 us,
1198 567 1287 610 vera-

167 625 248 690 citer
268 625 452 691 describens
476 647 557 712 quae
578 625 660 690 fiunt
680 627 798 710 postris
819 649 948 714 quoque
969 565 1181 714 temporibus,
1214 629 1290 693 Non

166 707 270 774 solum
292 709 378 773 enim
395 709 531 774 ccclesia
551 731 611 796 per
624 711 751 776 hereses
774 721 806 776 et
821 712 971 776 scismata
986 711 1151 794 dividitur,
1174 723 1206 778 et
1220 735 1291 798 pax,

167 791 311 879 undique
338 794 496 876 turbatur,
526 793 583 858 sed
612 797 710 860 etiam
738 795 891 861 adversae
921 797 1023 882 partis
1045 798 1189 884 episcopi
1210 819 1290 882 gau-

167 877 244 943 dent
265 887 298 942 et
318 876 478 942 laetantur
500 900 598 964 super
612 879 766 943 effusione
781 879 913 944 humani
934 881 1109 966 sanguinis,
1133 883 1289 968 quianon

167 960 288 1027 habent
308 963 433 1028 viscera
453 965 613 1027 fraternae
636 963 824 1028 dilectionis.
858 963 1013 1050 Quisquis
1034 975 1142 1030 autem
1165 975 1288 1031 creatu-

167 1068 237 1110 ram
251 1046 316 1110 Dei
337 1047 501 1112 hominem
521 1069 587 1112 non
602 1045 716 1132 diligit,
739 1047 822 1130 odit3
844 1070 948 1134 neque
964 1050 1049 1114 enim
1065 1051 1138 1114 odio
1154 1050 1286 1135 dignum

168 1131 324 1212 aestimat,
351 1131 414 1195 nisi
442 1131 529 1218 quod
561 1130 683 1195 malum
715 1155 783 1197 esse
816 1131 948 1197 iudicat.
991 1133 1124 1199 Heresis
1157 1134 1287 1219 quidem

168 1213 431 1280 Manichaeorum
452 1223 554 1302 putat,
576 1216 735 1280 humanae
749 1223 882 1282 naturae
897 1217 1054 1302 originem
1076 1239 1146 1283 esse
1168 1219 1288 1305 aprin-

170 1298 241 1383 cipe
262 1297 477 1382 tenebrarum,
499 1321 666 1364 assumens
688 1301 722 1364 in
744 1301 962 1366 testimonium
991 1303 1042 1366 sui
1063 1303 1179 1366 erroris
1201 1301 1288 1388 quod

169 1381 247 1446 dicit
278 1384 312 1446 in
344 1383 511 1470 euangelio
544 1385 721 1448 Dominus:
758 1386 818 1451 Vos
849 1407 889 1450 ecc
913 1395 1012 1470 patre
1042 1387 1171 1451 diabolo
1202 1390 1429 1460 cotteanum.

167 1466 261 1530 Bona
287 1477 336 1532 est
364 1469 484 1554 quippe
513 1469 616 1534 omnis
644 1479 769 1551 natura,
792 1471 850 1533 sed
896 1491 931 1533 er
952 1469 1148 1536 voluntatem
1170 1471 1288 1536 malam

168 1551 282 1614 vitiata
312 1561 360 1617 est
388 1551 526 1617 hominis
553 1563 677 1619 nonna.
723 1553 788 1618 Sed
816 1492 902 1618 undis
924 1552 1044 1620 dixerit
1064 1555 1224 1619 Dominus
1246 1555 1290 1619 ad

167 1635 316 1718 Iudaeos,
339 1637 396 1722 qui
415 1638 479 1701 iam
502 1637 700 1723 quaerebant
721 1659 794 1702 eum
817 1637 978 1703 occidere:
1016 1640 1075 1704 Vos
1097 1662 1137 1704 erc
1159 1640 1288 1706 diabolo

168 1721 255 1802 estis,
284 1719 369 1784 unde
399 1720 470 1804 hoo,
497 1723 640 1806 inquam,
663 1722 791 1803 dixerit,
812 1722 1010 1788 ostendendo
1032 1723 1214 1809 subiungit:
1246 1725 1290 1788 Et

168 1805 343 1902 desyderia
356 1809 467 1890 patris
488 1809 587 1870 vestri
607 1806 705 1870 valtis
717 1807 846 1891 fucere.
881 1808 972 1886 Quae
994 1817 1068 1871 sunt
1088 1807 1173 1872 illius
1196 1808 1288 1894 desy-

168 1887 280 1952 derra?
300 1889 371 1969 Ille,
392 1889 505 1976 inquit,
528 1891 695 1954 homicida
710 1901 781 1954 erat
804 1893 843 1955 ab
858 1893 964 1958 initio.
995 1892 1167 1956 Imitantur
1180 1903 1287 1957 autem

168 1993 244 2036 eum
266 1973 321 2058 qui
343 1982 418 2038 sunt
440 1995 481 2038 ex
501 1983 593 2060 parte
606 1972 709 2059 illius,
730 1995 770 2038 ac
791 1975 925 2060 perinde
947 1975 1097 2038 dicuntur
1123 1975 1180 2039 filii
1208 1977 1287 2058 eius,
1328 2011 1329 2014 ¹

169 2058 245 2142 quia
260 2066 335 2122 sunt
355 2058 533 2122 imitatores
552 2057 717 2122 homicidii
738 2057 833 2138 illius,
857 2059 913 2157 qui
933 2081 999 2122 non
1013 2059 1120 2144 gladio
1135 2069 1286 2143 armatus,

167 2162 233 2204 non
262 2141 345 2205 ferro
372 2143 537 2207 accinctus
566 2142 607 2206 ad
629 2143 769 2227 primum
796 2141 958 2208 hommem
980 2145 1068 2207 venit
1088 2144 1288 2231 verbumque

167 2223 289 2289 malum
316 2228 487 2290 seminavit
515 2236 547 2292 et
568 2226 696 2290 occidit.
740 2225 895 2292 Similiter
924 2237 956 2292 et
984 2227 1103 2292 occidit
1130 2251 1203 2292 eum
1233 2231 1288 2314 qui

167 2308 341 2457 persuadet
361 2309 459 2375 alicui
479 2309 574 2392 male,
597 2310 774 2374 secundum
798 2312 884 2396 quod
907 2311 986 2376 dicit
999 2312 1185 2378 Psalmista:
1207 2315 1413 2386 Fortasse.

192 2395 346 2477 ominum,
372 2397 482 2460 dentes
504 2418 614 2460 eorum
642 2418 737 2458 arma
760 2404 789 2458 et
809 2399 961 2480 cupidae,
983 2407 1012 2459 et
1033 2398 1154 2482 linquo
1176 2421 1287 2462 eorum

192 2477 304 2542 ludius
334 2490 460 2544 acutus.
503 2479 592 2544 Ecce
619 2480 705 2542 enim
731 2477 785 2542 ille
812 2479 963 2565 Hartvig,
990 2480 1096 2546 dictus
1124 2481 1287 2567 quondam

168 2501 478 2647 ddagadaburgensis
493 2563 757 2648 metropolitanae
777 2563 917 2628 civitatis
932 2565 1113 2650 episcopus,
1128 2568 1289 2650 persuasit

168 2643 315 2730 plurimis
346 2655 432 2712 certe
459 2646 623 2710 effundere
651 2647 841 2731 sanguinem
870 2647 1047 2730 hominum,
1075 2651 1130 2734 qui
1160 2658 1192 2714 et
1212 2650 1289 2716 fecit

168 2729 300 2794 caedem
321 2729 533 2816 plurimorum
555 2753 614 2816 per
634 2753 748 2795 manus
771 2730 834 2795 sibi
849 2730 1104 2878 obsequentium,
1128 2754 1200 2797 cum
1219 2737 1288 2819 qui·

167 2811 228 2878 bus
260 2825 293 2879 et
320 2826 394 2900 post
423 2816 600 2894 victoriam,
630 2814 670 2879 de
698 2836 763 2900 qua
789 2837 888 2900 supra
944 2817 1075 2899 iximus,
1108 2816 1288 2884 introduxit

166 2897 405 2964 Adelberonem
434 2900 469 2962 in
489 2899 678 2985 Wirziburg
707 2899 869 2964 civitatem
898 2899 1060 2986 quondam
1086 2903 1137 2967 sui
1165 2903 1287 2988 episco-

166 2993 272 3068 patus,
296 3006 394 3069 quam
415 2985 565 3049 amiserat
586 2985 692 3069 primo
714 2984 844 3070 quidem
865 2986 999 3072 proprio
1021 2986 1141 3051 iudicio
1157 2987 1287 3051 damna-

166 3077 229 3148 tus,
253 3067 368 3132 deinde
392 3066 548 3133 ecclesiae
571 3069 668 3132 etiam
689 3068 810 3132 iudicio
833 3069 1063 3134 condemnatus
1077 3080 1175 3170 atque
1190 3071 1287 3157 depo-

167 3153 258 3233 situs,
312 3161 459 3238 ostquam
486 3153 597 3238 posuit
624 3161 749 3237 partem
778 3175 868 3217 suam
896 3176 970 3218 cum
992 3153 1169 3240 hypocr1tis
1190 3165 1287 3242 atque

166 3174 360 3318 infidelibus,
380 3237 542 3322 quoniam,
557 3237 641 3300 sicut
656 3237 706 3322 cy
731 3239 859 3301 rianus¹
877 3240 1048 3324 episcopus
1063 3239 1186 3320 scribit,
1202 3241 1287 3324 quis-

167 3321 239 3418 quis
256 3321 396 3385 ‘unitatis
408 3321 613 3386 concordiam
628 3259 755 3404 scindit,
770 3321 867 3384 fidem
882 3323 1019 3468 primam
1033 3323 1170 3408 pertidia
1180 3334 1286 3408 poste-

165 3425 250 3469 rrore
265 3406 421 3469 mutavit'.
443 3405 508 3470 Hic
526 3427 602 3468 sane
613 3403 774 3471 Adelbero
787 3426 886 3504 praec
898 3408 984 3470 arior
998 3417 1066 3472 erat
1080 3407 1194 3471 ceteris
1209 3429 1287 3473 suae

134 3533 139 3541 -
167 3490 267 3574 partis
296 3491 456 3576 episcopis
486 3499 518 3554 et
538 3487 704 3554 nobilitate
726 3499 846 3574 panter
867 3498 899 3554 et
920 3491 1052 3554 scientia
1072 3512 1110 3554 ao
1130 3490 1287 3576 religione

168 3573 264 3636 simul
291 3583 323 3638 et
349 3582 462 3656 aetate,
490 3582 602 3659 utpote
632 3575 688 3660 qui
709 3573 773 3636 iam
797 3573 877 3638 obiit
898 3574 984 3638 circa
1005 3574 1287 3660 quadragesimum

166 3679 287 3721 annum
311 3657 520 3722 ordinationis
541 3679 628 3722 suae.
660 3657 726 3721 Hic
748 3679 823 3741 ergo
847 3679 922 3721 cum
944 3658 1055 3722 fuisset
1075 3661 1171 3724 etiam
1190 3662 1286 3745 parti-

167 3763 245 3827 ceps
273 3740 436 3807 electionis
464 3742 584 3826 pariter
606 3749 639 3804 et
661 3741 870 3806 ordinationis
892 3741 1043 3807 Ruodolfi
1063 3744 1147 3828 regis
1175 3753 1286 3808 contra

166 3826 345 3910 legitimum
370 3847 480 3910 regem
502 3824 711 3908 Henrichum,
740 3849 780 3890 ne
803 3849 876 3891 eum
901 3849 935 3891 se
958 3827 1156 3912 contingeret
1176 3830 1285 3894 videre

166 3909 220 3975 vel
248 3908 377 3996 alloqui,
408 3917 522 3996 sponte
535 3943 538 3949 v
551 3909 673 3974 dimisit
700 3911 922 3996 episcopatum
951 3933 1044 3975 suum
1075 3921 1107 3976 et
1133 3911 1216 3996 fugit
1243 3912 1286 3976 ad

167 3993 351 4060 altitudines
366 3995 533 4074 montium,
549 3991 666 4058 oblitus
682 4015 768 4074 sane,
789 3994 950 4080 quomodo
966 3994 1046 4060 solet
1060 3995 1195 4061 ecclesia
1210 4017 1285 4059 cum

166 4077 337 4143 Psalmista
364 4078 471 4144 dicere
500 4087 611 4142 contra
643 4076 844 4142 altitudinem
871 4079 1037 4144 doctrinae
1058 4079 1285 4144 hereticorum:
1437 4147 1439 4151 ,

166 4164 208 4228 Ic
231 4163 375 4229 Domino
405 4162 551 4246 coofldo;
581 4161 736 4248 quomodo
765 4163 877 4227 dicitis
906 4165 1038 4228 animae
1059 4187 1156 4246 meae,
1178 4173 1333 4230 trous-1³1.
1344 4187 1409 4240 rar.

168 4355 194 4418 1)
215 4353 256 4408 Ol.
279 4355 406 4422 Cypriani
426 4356 516 4423 Opera
534 4371 562 4423 p.
582 4353 645 4406 229.
