3114 4814
324 329 376 379 140
519 328 569 378 DE
589 327 746 378 UNITATE
766 325 971 378 sconsam:
992 324 1269 378 CONSERVANDA.

322 517 396 560 vam
418 494 559 579 quidem,
582 495 638 558 sed
659 495 704 559 ita
726 493 935 574 moderatam,
957 503 993 558 ut
1007 492 1146 580 desuper
1166 515 1268 580 usque
1290 493 1332 557 ad
1353 515 1450 559 renes

322 587 446 644 tantum
469 576 624 643 deflueret
645 588 677 643 et
698 579 860 664 utrimque
881 599 984 663 usque
1012 577 1053 642 ad
1075 576 1283 642 humerorum
1305 579 1450 642 confinia

322 663 530 750 pertingeret,
554 661 658 748 qualis
674 672 760 726 certe
775 662 879 726 forma
898 672 995 748 atque
1011 683 1162 726 mensura
1182 662 1312 747 proprie
1327 661 1450 726 dicitur

323 745 502 834 scapulare,
524 745 611 833 quod
634 745 800 810 monachis
827 757 961 832 propter
982 767 1080 845 opera
1109 755 1232 811 tantum
1261 747 1449 832 assignatur

323 853 364 896 ex
392 831 544 896 mandato
574 853 608 894 re
633 829 715 912 ulae,
744 831 821 916 quia
846 827 893 894 ibi
922 831 1115 914 exprimitur
1143 831 1315 916 utrimque,
1345 840 1383 894 ut
1414 842 1449 896 et

322 915 499 980 monachus
520 853 750 999 singularitatis
777 935 854 978 suae
877 913 1055 978 custodiam
1107 937 1143 978 er
1162 925 1285 979 vestem
1307 913 1448 979 cuculla

322 1009 388 1064 tam
410 999 555 1064 attendet
576 1009 608 1062 et
622 1021 680 1084 per
695 999 886 1064 brevitatem
908 999 976 1063 eius
999 937 1146 1064 simuiet
1168 1020 1227 1085 per
1241 997 1447 1064 brachiorum

322 1083 501 1148 nuditatem
523 1083 628 1167 magis
650 1083 822 1169 explicitus
849 1091 881 1147 et
902 1082 1040 1181 impiger
1065 1081 1107 1146 ad
1130 1104 1228 1168 opera
1249 1083 1315 1148 fiat.
1358 1083 1447 1148 Rara

322 1177 431 1232 autem
453 1178 502 1232 θεῖ
523 1189 610 1231 nunc
630 1167 717 1254 apud
739 1168 915 1230 monachos
937 1179 969 1232 θῖ
990 1167 1143 1232 musitata
1164 1167 1322 1232 eiusmodi
1337 1168 1446 1250 vestis,

324 1252 400 1338 quia
415 1252 509 1337 pauci
532 1261 587 1315 aut
602 1252 733 1315 omnino
754 1250 833 1314 nulli
854 1251 947 1314 istius
969 1252 1125 1338 temporis
1147 1251 1294 1317 monachi
1318 1251 1448 1316 student

323 1357 412 1398 more
434 1346 562 1422 patrum
584 1333 689 1399 labori
710 1345 767 1399 aut
781 1336 935 1400 exercitio
953 1337 1070 1421 operis,
1093 1357 1166 1400 cum
1188 1336 1274 1420 apud
1297 1336 1447 1421 antiquos

324 1429 432 1506 patres
462 1419 556 1482 fuerit
582 1419 744 1501 usitatum,
770 1429 807 1482 ut
827 1417 949 1482 nullum
972 1421 1171 1505 susciperent
1192 1420 1226 1482 in
1248 1421 1447 1483 consortium

325 1525 430 1583 suum,
462 1504 524 1566 nisi
556 1502 712 1587 probatus
744 1501 806 1567 hoc
833 1503 986 1568 meruerit
1016 1525 1074 1589 per
1107 1504 1213 1590 operis
1245 1504 1449 1585 exercitium,

325 1585 412 1673 quod
442 1588 622 1651 orationum
654 1586 762 1651 studia
793 1596 890 1673 atque
922 1586 1095 1652 lectionum
1122 1589 1296 1674 praecipue
1317 1587 1449 1652 valenta

325 1680 438 1734 contra
463 1671 723 1756 impugnationes
754 1672 917 1737 vitiorum.
960 1671 1056 1736 Unde
1085 1681 1118 1736 et
1140 1672 1356 1754 Sarabaitasr,
1384 1671 1447 1736 hoc

325 1764 374 1819 θεῖ
392 1753 455 1818 sibi
469 1755 624 1834 viventes,
646 1753 789 1842 appellat
809 1764 940 1819 sanetus
954 1755 1170 1820 Benedictus¹
1193 1757 1322 1820 tertium
1344 1778 1448 1842 genus

325 1837 571 1902 monachorum:
601 1855 734 1916 Quoniam
752 1855 838 1918 nulla,
856 1839 971 1924 inquil,
997 1858 1092 1922 requio
1117 1855 1259 1922 approbati
1283 1855 1448 1920 experientia

324 1929 454 1996 magistro
473 1929 541 1980 sicut
554 1945 651 1980 numam
670 1929 699 1979 in
711 1929 842 1993 forneee;
862 1930 909 1980 sed
929 1928 958 1979 in
973 1929 1078 1995 plumbi
1095 1939 1223 1980 naturum
1241 1928 1334 1979 molliti
1357 1929 1448 1980 addim

325 2001 448 2068 operibus
473 2008 608 2054 seruantes
633 2002 737 2053 saeculo
755 2002 839 2066 fldem
862 2002 970 2053 mentiri
992 2001 1051 2054 Deo
1066 2019 1118 2068 per
1137 2011 1274 2054 tonsuram
1291 2009 1446 2064 noscuntur,

325 2076 420 2142 quibus
435 2093 488 2141 pro
508 2077 563 2143 leqe
582 2081 620 2126 est
638 2073 839 2141 desyderiorum
857 2076 991 2140 uoluptas,
1011 2092 1070 2126 cum
1088 2072 1214 2142 quicquid
1228 2075 1386 2140 putaverint
1404 2075 1449 2126 vel

325 2149 450 2216 elipeum
476 2149 524 2200 hoc
547 2148 639 2198 dicant
663 2155 794 2211 sanctum,
819 2153 843 2198 et
861 2149 933 2213 quod
954 2149 1088 2200 noluerint
1107 2149 1155 2200 hoc
1168 2156 1269 2214 putent
1287 2165 1340 2199 non
1359 2148 1446 2199 licere.

324 2217 411 2280 Hinc
434 2214 549 2280 beatus
565 2215 802 2299 Hieronymus²
825 2216 938 2280 scribit
958 2215 1001 2280 ad
1015 2237 1139 2280 sacram
1154 2216 1315 2300 virginem
1330 2214 1446 2279 Eusto-

324 2299 447 2362 chium:
473 2313 547 2378 utta,
566 2298 725 2384 inquiens,
747 2322 809 2364 sunt
831 2331 930 2382 persero
954 2315 1151 2379 monachorum,
1175 2332 1208 2366 ec
1227 2314 1322 2380 quihus
1341 2314 1447 2365 tertium

290 2453 292 2456 Ι
325 2395 363 2440 est
382 2387 553 2440 deterrimum
573 2396 651 2454 atque
670 2389 824 2455 neplectum,
844 2394 868 2439 et
886 2389 957 2454 quod
975 2390 1004 2439 in
1023 2395 1116 2440 nostro
1130 2387 1276 2454 prouincia
1294 2395 1343 2438 aut
1361 2389 1446 2439 solum

325 2479 363 2522 est
383 2478 431 2521 cut
444 2470 573 2536 primum,
593 2470 668 2536 apud
685 2487 760 2536 quos,
779 2455 894 2540 inquit,
917 2472 1041 2538 affectate
1064 2479 1127 2522 sum
1145 2470 1243 2533 omnin,
1263 2472 1343 2521 lonae
1362 2471 1446 2521 meni-

325 2561 381 2608 coe,
400 2544 502 2610 celique
513 2544 678 2608 follicantes,
697 2543 776 2596 uestis
792 2544 938 2612 procetur,
959 2544 1052 2596 crebra
1070 2543 1198 2609 suspirie,
1225 2543 1352 2594 detractio
1372 2543 1447 2596 cleri·

327 2635 425 2681 corum,
450 2626 474 2668 et
500 2615 525 2667 si
547 2618 656 2683 quondo
681 2617 738 2669 dies
749 2618 841 2682 festus
857 2616 966 2682 uenerit,
986 2623 1146 2668 saturentur
1165 2617 1202 2668 ad
1221 2615 1354 2667 vomitum.
1393 2616 1448 2669 Sed

326 2691 392 2758 quio
420 2691 507 2742 sciunt
531 2692 719 2743 monachorum
744 2688 860 2742 correers*1
882 2691 1034 2759 gloriosum,
1061 2691 1109 2741 sub
1131 2689 1221 2743 ouium
1234 2689 1351 2756 pellibus
1371 2691 1447 2756 lupos

327 2781 425 2841 tepunt,
453 2771 586 2825 Christum
604 2773 730 2825 mentitur
752 2771 940 2836 Antichristus,
961 2783 985 2825 et
1012 2771 1212 2838 turpitudinem,
1239 2757 1354 2843 inquit,
1375 2772 1448 2824 vitoe

319 2847 397 2914 falso
415 2846 530 2897 nominis
548 2847 647 2898 honore
666 2845 838 2910 convestiunt,
858 2846 1006 2912 pristiam,
1026 2847 1090 2898 dcun
1109 2847 1265 2898 erubescunt
1279 2864 1332 2912 pro
1346 2845 1449 2898 Christo

168 2921 470 2988 1.u'im.o‚t.9dsriosam
495 2936 555 2969 cum
580 2920 696 2984 apostolo
722 2919 854 2985 suscipmrc
877 2921 1033 2983 nuditatem,
1057 2919 1180 2972 incidunt
1205 2920 1235 2970 in
1254 2918 1450 2985 temptationem

329 3001 353 3044 et
372 2994 496 3057 laqueum
508 2992 610 3044 dioboli
628 2999 652 3044 et
671 2991 812 3058 desyderie
830 2993 914 3043 multe
933 3001 957 3044 et
969 2993 1077 3044 inutilia
1097 2999 1121 3044 et
1135 2993 1225 3057 nocio,
1244 3009 1313 3059 quoe
1325 3000 1450 3059 merpunt

329 3065 445 3117 domines
464 3065 493 3114 in
512 3064 647 3116 interitum
666 3071 690 3116 ct
703 3065 889 3131 perditionem.

412 3132 465 3196 43.
509 3131 763 3217 (lonsyderanda
785 3143 859 3196 sunt
884 3133 974 3214 haec,
1004 3155 1087 3218 quae
1109 3134 1213 3198 sancti
1240 3141 1347 3220 patres
1373 3152 1449 3194 con-

330 3214 476 3281 scribunt
497 3237 595 3300 super
616 3239 655 3280 eo
669 3238 787 3301 genere
808 3216 1050 3298 monachorum,
1073 3217 1161 3303 quod
1183 3239 1268 3282 nunc
1290 3218 1324 3280 in
1338 3225 1450 3280 nostra

329 3322 457 3387 quoque
486 3303 655 3385 provincia
683 3312 740 3366 aut
762 3304 903 3387 primum
925 3310 973 3364 est
998 3311 1053 3366 aut
1074 3301 1188 3383 solum,
1212 3300 1323 3388 quales
1352 3301 1449 3365 etiam

329 3387 362 3450 in
392 3383 558 3471 publicum
586 3386 652 3449 iam
682 3395 880 3450 emerserunt
909 3386 1054 3468 exitium,
1087 3385 1285 3451 concitantes
1314 3407 1450 3468 regnum

329 3468 486 3534 adversus
514 3492 648 3554 regnum
657 3481 681 3552 ³,
709 3471 764 3557 qui
793 3491 857 3532 non
878 3469 920 3533 ab
943 3468 1122 3556 apostolica
1142 3470 1219 3534 sede
1241 3470 1374 3568 quidem
1395 3469 1451 3533 ab·

330 3554 519 3635 stinuerunt,
547 3554 604 3619 sed
632 3553 733 3618 multa
760 3561 873 3618 contra
900 3576 971 3618 eam
998 3564 1176 3640 gesserunt,
1198 3562 1398 3639 sumpserunt
1419 3563 1453 3617 et

331 3748 354 3803 a)
371 3751 435 3792 velet
451 3752 471 3792 1.
533 3750 556 3802 b)
573 3750 707 3792 sarabaitas
724 3753 745 3792 1.
801 3750 823 3804 c)
840 3754 939 3793 crassior
955 3753 1016 3798 Hier.
1064 3752 1088 3808 d)
1104 3755 1220 3804 virginale
1235 3751 1374 3794 vocabulum
1389 3751 1452 3796 Hier.

1539 3855 1544 3890 t

333 3916 362 3980 1)
381 3917 525 3967 Benedicti
542 3918 610 3982 Reg.
634 3933 657 3968 c.
676 3919 701 3970 1.
776 3917 806 3982 2)
825 3919 936 3972 Hieron.
954 3921 1040 3987 Epist.
1061 3919 1097 3970 ad
1115 3921 1302 3984 Eustochium,
1322 3921 1412 3986 Opera
1428 3917 1453 3982 1,

331 4009 357 4057 p.
379 3990 440 4040 118.
463 3990 524 4040 119.
544 3996 572 4041 st
589 3990 653 4041 inde
674 4007 690 4041 a
708 3991 813 4042 verbis:
834 3989 888 4043 Sed
906 3992 972 4058 quic
991 3993 1076 4045 sciunt
1095 4001 1146 4044 etc.
1172 4011 1199 4060 p.
1220 3993 1282 4044 123.
1358 3989 1387 4058 3)
1408 3991 1451 4043 cf.

330 4063 414 4116 verba
435 4063 523 4115 Oarm.
543 4065 672 4115 Lauresh.
692 4081 764 4116 mon.
785 4065 846 4129 (SS.
867 4067 941 4127 XXI,
961 4085 987 4133 p.
1007 4067 1088 4129 480):

516 4135 671 4188 Schismatis
690 4154 806 4190 errorem
825 4145 908 4190 totum
925 4141 1075 4205 sporpendo
1092 4157 1142 4206 per
1161 4139 1249 4191 orbem

521 4210 595 4262 Unde
614 4228 695 4277 super
712 4229 822 4278 repnum
840 4229 912 4263 nunc
931 4220 1032 4263 constat
1050 4229 1158 4281 surpere
1176 4229 1287 4281 repnsms

517 4284 552 4335 Et
571 4292 663 4336 contra
681 4295 782 4352 pentem
801 4286 875 4337 bellis
894 4286 1031 4352 confliqere
1047 4293 1157 4353 pentem.
