3114 4814
316 325 368 374 DE
387 323 547 374 UNITATE
567 323 773 376 nocnnslan
794 325 1066 381 constraverat.
1219 331 1254 382 81

128 492 220 572 fecit,
248 487 307 554 ubi
334 512 408 555 eum
435 490 520 556 fame
547 489 764 558 tribulationis
791 503 823 558 et
850 515 936 580 aqua
964 495 1142 581 angustiae,
1172 495 1258 560 sicut

130 573 277 659 legitur1,
288 595 392 660 usque
406 573 449 638 ad
463 585 598 640 mortem
614 579 814 642 sustentavit.
835 577 927 642 Haec
943 581 1105 664 quamvis*¹
1117 579 1255 664 Vigilius

130 660 255 741 fecerit,
282 681 378 724 nemo
407 666 516 723 tamen
541 661 575 724 in
600 659 684 724 hanc
704 663 975 746 praesumptionis
996 663 1159 728 audatiam
1181 685 1254 748 pro·

131 765 171 808 ru
196 743 230 822 it,
250 749 287 806 ut
307 741 413 827 ipsum
435 743 600 808 Romanae
621 743 776 810 ecclesiae
796 747 983 831 pontificem
1004 746 1057 812 vel
1077 747 1254 812 hereticum

131 764 194 892 vel
213 827 318 891 furem
346 825 562 913 descripserit,
607 827 659 893 De
682 851 747 914 quo
777 840 864 895 certe
890 830 1020 916 Vigilio,
1041 841 1156 916 postea
1182 853 1254 916 per·

131 931 228 1010 pcsso
250 909 352 976 multa
396 911 515 975 ericula
535 932 594 997 pro
608 912 755 996 ecclesia,
777 915 902 1000 quami
927 937 961 979 se
982 936 1101 1000 magna
1120 915 1255 999 regebat

131 994 301 1077 rndustria,
314 933 426 1070 acillo,
449 995 590 1082 inquam,
610 998 724 1062 scribit
741 937 1091 1063 Arator‘supbdiaconus
1107 1002 1141 1063 in
1156 1021 1253 1085 opere

130 1101 191 1145 suo
202 1090 226 1161 ²,
248 1079 335 1166 quod
356 1078 397 1143 de
412 1079 538 1143 actibus
553 1080 772 1165 apostolorum
788 1083 969 1167 composuit
990 1083 1120 1149 heroico
1136 1091 1253 1150 metro:

354 1166 470 1220 Publica
488 1168 604 1234 libertas,
631 1170 712 1238 thili
730 1171 895 1224 sanctissime
909 1189 996 1240 papa,

426 1239 664 1295 neocaesaraea
683 1247 784 1296 solorre
802 1245 892 1296 vincla
908 1244 991 1315 prepi.

352 1314 396 1366 De
412 1315 513 1382 pladite
530 1317 676 1382 rapiuntur
694 1335 755 1370 coes
770 1327 878 1383 pastore
896 1319 1016 1370 ministro

426 1387 513 1454 Inque
531 1389 646 1442 hameris
657 1391 784 1456 ferimur,
804 1397 829 1443 tc
846 1399 995 1454 revocante,
1009 1391 1074 1457 piis.

350 1460 411 1511 Hoc
428 1461 483 1526 tibi,
502 1479 597 1530 mayoc
610 1469 699 1529 pater,
721 1481 781 1515 cam
798 1465 889 1530 des'cro
907 1481 1005 1515 munus
1025 1463 1133 1527 camede,

466 1551 478 1584 s
502 1534 544 1597 oe,
564 1537 636 1602 quod
653 1537 754 1588 meritis
773 1537 863 1588 dedita
880 1539 953 1591 solvo
970 1537 1032 1590 tais.

426 1534 465 1586 Re

215 1601 266 1664 22.
310 1599 414 1684 Igitur
443 1601 592 1666 Cernens
621 1626 708 1690 papa
735 1605 867 1690 cupiens
920 1627 1029 1690 regem
1058 1603 1192 1668 Domini
1221 1612 1253 1668 et
1263 1619 1359 1677 (xxm)

126 1705 207 1748 oves
234 1681 356 1748 Christi
385 1707 427 1749 ex
454 1688 569 1772 rapina
597 1707 636 1751 ac
663 1689 870 1753 devoratione
895 1627 1074 1753 lestiarum
1101 1689 1172 1773 agri
1193 1689 1253 1751 eri-

126 1789 215 1854 pere,
238 1777 269 1832 et
291 1765 379 1853 quod
400 1771 541 1854 perierat
562 1792 725 1856 quaerere,
747 1771 834 1856 quod
855 1772 1018 1835 infirmum
1042 1770 1253 1854 consolidare,

125 1862 161 1916 et
176 1851 264 1937 quod
278 1849 529 1937 aegrotum'erat
546 1875 669 1938 sanare,
694 1855 780 1940 quod
798 1855 934 1920 fractum
956 1854 1098 1941 alligare,
1120 1863 1152 1919 et
1166 1855 1252 1940 quod

125 1935 314 2000 abiectumb
342 1947 411 2001 erat
441 1937 610 2021 reducere,
640 1940 805 2004 constituit
839 1938 1019 2026 apostolica
1053 1940 1251 2022 auctoritate,

124 2020 347 2166 supradictam
369 2020 529 2106 synodum
550 2021 621 2088 fieri
641 2023 675 2086 in
695 2044 797 2108 regno
812 2023 1013 2088 Theutonico
1034 2021 1122 2108 apud
1136 2030 1253 2087 metro·

126 2124 171 2188 po
184 2104 217 2166 in
240 2105 402 2169 civitatem
423 2105 620 2190 Moguntiae,
649 2115 685 2170 ut
706 2117 857 2192 ageretur
878 2107 925 2172 ibi
946 2107 986 2172 de
1008 2106 1071 2171 fide
1094 2103 1253 2170 catholica
1290 2177 1293 2182 ,

126 2197 162 2252 et
192 2209 272 2272 pace
304 2187 513 2254 ecclesiarum
545 2198 642 2277 atque
675 2191 861 2274 concordia,
893 2191 967 2256 ideo
991 2213 1031 2256 ue
1064 2189 1177 2256 aderat
1203 2189 1251 2254 ibi

125 2271 272 2335 omnium
294 2293 470 2337 consensus
493 2275 604 2358 episco
629 2296 721 2338 orum
750 2274 791 2340 de
813 2277 901 2340 omni
923 2213 1081 2339 catlrolica
1102 2273 1250 2358 ecclesia,

126 2355 162 2420 in
191 2377 328 2441 quorum
357 2355 488 2421 alternis
518 2297 671 2422 cordilus
692 2360 774 2423 vivit
796 2358 949 2459 spiritalis
971 2370 1115 2424 amaret
1135 2359 1250 2444 gratia,

125 2449 173 2522 ut,
188 2441 273 2504 sicut
286 2441 443 2505 unitatem
457 2450 566 2506 tenere
584 2443 718 2506 firmiter
740 2452 773 2508 et
785 2445 952 2508 vrndicare
975 2443 1094 2508 debent
1107 2443 1250 2507 maxime

124 2523 272 2610 episcopi
300 2525 357 2611 qui
383 2527 415 2588 in
438 2525 574 2590 ecclesia
594 2526 788 2611 praesident,
810 2531 856 2592 ita
878 2529 1099 2612 episcopatum
1122 2547 1251 2612 quoque

124 2629 227 2672 unum
258 2617 356 2693 atque
387 2608 563 2674 indivisum
596 2609 744 2694 probent.
790 2611 915 2676 Aderat
947 2612 1042 2676 etiam
1075 2611 1250 2694 imperator

123 2691 320 2774 Henrichus,
341 2693 516 2778 praecipue
537 2704 651 2758 auctor
673 2694 768 2758 huius
788 2693 914 2779 synodi,
945 2695 1021 2779 quia
1045 2692 1124 2756 nihil
1144 2702 1249 2758 tutum

123 2797 166 2840 ne
190 2797 230 2842 us
259 2776 389 2840 firmum
417 2779 536 2862 poterit
557 2799 629 2842 esse
655 2779 691 2841 in
717 2778 766 2842 his
792 2801 876 2865 quae
898 2787 973 2842 sunt
995 2775 1164 2858 eiusmodi,
1185 2777 1249 2840 nisi

123 2797 278 2924 delendat
299 2871 331 2926 et
344 2861 461 2947 probet
474 2882 513 2927 ea
526 2861 644 2946 regalis
659 2863 830 2926 auctoritas
852 2885 912 2947 pro
927 2863 1095 2925 maiestate
1109 2861 1248 2945 imperii.

124 2943 192 3008 Sed
207 2943 363 3010 adversae
381 2946 484 3030 partis
506 2946 661 3032 episcopi,
683 2947 851 3033 cupientes
872 2946 955 3010 hanc
976 2946 1130 3010 indictam
1154 2966 1169 3006 s
1195 2966 1249 3009 no-

123 3027 204 3092 dum
226 3049 466 3114 praeoccupare
488 3039 545 3093 aut
587 3040 777 3112 raevertere,
799 3039 1017 3096 convenerunt
1031 3029 1115 3093 infra
1128 2965 1249 3093 haldo·
1275 3034 1340 3078 1⁰⁸⁶·

123 3112 254 3177 madum
276 3135 395 3198 pascae
417 3115 452 3177 in
473 3051 603 3178 rastede
630 3114 769 3201 quodam
793 3114 955 3180 Saxoniae
978 3092 1381 3199 Quidilingeburg⁸⁹¹¹¹·²⁰·

123 3199 265 3278 nomine,
291 3198 349 3261 ubi
377 3197 468 3262 locus
497 3207 546 3262 est
571 3199 831 3283 congregationis
858 3199 1048 3264 feminarum
1078 3197 1151 3262 Deo
1185 3219 1248 3262 ser-

123 3281 280 3346 vientium
304 3282 364 3346 sub
387 3283 544 3346 canonica
564 3284 775 3348 institutione.
804 3283 848 3348 Et
865 3294 902 3348 ut
919 3281 1114 3367 conspiratio
1137 3302 1248 3346 eorum

122 3361 198 3450 plus
218 3364 340 3430 valeret
361 3375 392 3430 et
413 3365 578 3452 deciperet
599 3366 768 3432 columbae
790 3367 1038 3452 simplicitatem,
1066 3386 1163 3451 quam
1185 3386 1249 3428 ser·

147 3450 229 3514 entis
243 3451 363 3515 astutia
376 3472 441 3515 non
456 3459 653 3532 temerasset,
668 3451 872 3516 adduxerant
887 3449 1048 3537 quendam
1064 3447 1124 3512 sub
1140 3449 1248 3532 specie

121 3469 221 3618 legati
236 3533 321 3598 sedis
336 3533 542 3619 apostolicae,
559 3537 615 3621 qui
629 3535 735 3600 dictus
750 3544 799 3599 est
814 3533 891 3600 Otto
906 3535 1077 3620 episcopus
1089 3531 1248 3597 Ostiensis

121 3615 293 3700 ecclesiae,
315 3641 390 3682 cum
404 3620 470 3682 ianr
486 3617 638 3684 Clemens
653 3640 741 3706 papa
754 3618 953 3704 praesideret
966 3618 1131 3682 Romanae
1146 3615 1247 3681 eccle-

123 3701 201 3766 siae.
234 3702 392 3767 Intererat
413 3704 509 3767 etiam
532 3703 608 3768 huic
629 3704 802 3768 conventui
822 3725 881 3768 rex
897 3703 1062 3768 Saxonum
1078 3699 1247 3765 Heriman-
1303 3723 1316 3738 *

122 3807 194 3867 nus,
211 3787 263 3850 cui
278 3808 319 3850 ne
333 3786 422 3872 apud
437 3809 512 3850 suos
528 3787 659 3873 quidem
675 3788 876 3854 tribuebatur
890 3785 992 3852 honor
1007 3785 1124 3870 regius,
1147 3807 1168 3850 a
1183 3807 1247 3870 quo

122 3879 201 3934 tunc
222 3881 253 3935 et
274 3869 360 3934 illius
382 3871 499 3956 synodi
521 3873 629 3957 coepit
649 3881 814 3936 tractatus.
849 3872 934 3936 Nam
956 3877 1151 3936 memoratus
1170 3867 1247 3934 Otto

121 3955 312 4040 episcopus:
335 3955 492 4020 ‘Audiens
513 3954 591 4040 ego',
614 3957 729 4041 inquit,
753 3955 852 4042 ‘quod
866 3977 926 4020 rex
941 3963 1047 4020 vester
1068 3951 1247 4038 legitimum

122 4113 146 4168 a)
163 4118 262 4165 quanvis
279 4120 300 4160 1.
360 4117 383 4170 b)
400 4118 513 4158 abiectam
530 4119 556 4168 13
571 4117 651 4158 moad.
668 4116 758 4156 Satara.

116 4227 153 4297 1)
172 4231 234 4282 Lib.
252 4236 328 4298 pont.
353 4233 372 4284 l.
393 4249 417 4284 c.
442 4250 469 4298 p.
490 4232 552 4284 130.
639 4229 669 4296 ἓ)
687 4231 784 4282 Arator
810 4230 844 4282 de
870 4231 977 4282 actibus
996 4227 1178 4296 apostolomm
1203 4227 1246 4278 ed.

121 4303 248 4369 Arntzen,
268 4306 400 4372 Zutphan.
416 4304 495 4356 1769.
509 4322 535 4372 p.
549 4305 665 4356 19-21,
684 4305 761 4372 epist.
776 4303 810 4354 ad
823 4304 952 4371 vigilium
966 4303 1081 4355 v.s—s.
1093 4300 1247 4354 etv-28.

1000 4388 1016 4435 6
