3098 4818
438 340 559 392 BRUNO
577 341 626 390 DE
644 341 763 392 BELLO
783 341 971 394 SAXONIOO.
1231 343 1266 394 bb

147 513 233 574 sisu
263 508 412 596 reliqiosi
444 509 639 590 sacerdotes,
677 509 722 573 ad
754 509 908 574 bonorem
933 508 1000 573 Dei
1031 519 1061 575 et
1091 510 1264 576 utilitatem
1276 527 1343 568 10⁸1·

148 596 336 658 animarum
351 615 507 680 praeesse
529 595 676 740 cuqiunt,
697 593 754 658 sed
773 602 809 656 ut
822 592 1058 658 intolerabilem
1076 615 1116 659 su
1141 595 1265 659 erbiam

147 687 303 743 ostentent
339 678 507 764 animique
542 676 568 741 lu
588 677 712 741 idinem
747 676 913 762 oppleant,
948 679 1059 742 ceteris
1120 679 1266 743 ominari

148 761 310 846 affectant.
354 761 406 826 De
427 761 546 861 quibus
566 760 678 825 beatus
696 760 907 846 Auqustinus
927 762 965 826 in
986 761 1069 826 libro
1085 763 1200 847 primo
1223 762 1263 826 de

146 847 299 911 doctrina
325 845 512 910 obristsana
540 844 637 910 ttae.-
678 844 771 911 ‘Oam
798 866 874 908 uero
902 847 999 909 etiarn
1025 846 1082 926 eis,
1116 847 1174 931 qui
1200 847 1264 910 sibi
1273 880 1292 910 e.
1302 868 1337 910 ss.

147 929 346 994 naturaliter
361 951 465 1014 pares
487 937 573 1011 sunt,
595 930 653 993 boe
670 938 716 993 est
731 928 927 1010 bominibus,
949 928 1082 1013 quilibet
1095 930 1265 994 dominari

146 1012 307 1099 affectat⁸,
335 1012 552 1078 intolerabilis
574 1013 706 1078 omnino
736 1012 892 1097 superbia
921 1014 986 1077 est!
1029 1013 1133 1077 Porro
1156 1021 1264 1078 autem

146 1099 337 1179 euoreistae,
367 1107 403 1161 ut
428 1097 585 1176 diotimus,
611 1118 719 1181 supra
746 1098 918 1161 daemones
949 1120 971 1161 a
992 1096 1062 1162 Deo
1088 1098 1264 1181 imperinm

146 1181 284 1264 babent;
321 1190 443 1265 quanto
470 1182 576 1267 iqitur
603 1182 710 1267 maqis
739 1203 840 1266 super
867 1202 937 1261 eos,
967 1181 1026 1266 qui
1053 1179 1266 1246 daemonibus

147 1263 283 1330 salienti
303 1275 333 1330 et
353 1265 495 1330 membra
521 1273 599 1329 sunt
620 1264 836 1329 daemonum?
880 1262 920 1330 Si
949 1286 1026 1350 erqo
1056 1264 1108 1328 bis
1136 1273 1264 1328 tantum

146 1350 353 1434 praeminent
378 1351 567 1429 eaoreistae,
598 1357 720 1434 quanto
750 1349 894 1432 amplius
916 1347 1118 1413 sacerdotes?
1161 1348 1262 1412 Prae-

145 1443 235 1498 terea
250 1434 354 1497 omnis
368 1455 428 1497 reor
450 1433 653 1498 abristianus
670 1433 715 1496 ad
729 1433 853 1497 eaitum
867 1433 1010 1513 ueniens,
1032 1441 1068 1496 ut
1082 1432 1263 1496 carcerem¹>

146 1517 266 1582 evadat
283 1517 422 1600 inferni,
444 1526 480 1581 ut
501 1517 540 1582 de
554 1517 693 1582 tenebris
713 1519 751 1582 in
772 1516 875 1581 lucem
895 1516 1018 1597 tendat,
1040 1516 1130 1581 atde
1146 1539 1265 1602 peeca-

146 1611 254 1666 torum
275 1601 417 1667 viriculis
442 1603 480 1665 in
501 1602 568 1664 Dei
593 1602 719 1665 iudicio
748 1599 915 1664 absolutus
946 1609 1122 1686 appareat,
1156 1621 1263 1666 saeer-

147 1686 233 1749 dotis
262 1707 354 1770 opem
379 1684 519 1769 supplem
547 1707 586 1748 ao
611 1684 822 1748 miserandae
850 1685 999 1769 requirit.
1046 1684 1129 1758 Quis
1157 1693 1265 1748 autem

147 1790 215 1832 non
235 1769 329 1833 modo
352 1769 567 1847 sacerdotum,
599 1789 711 1830 uerum
737 1769 834 1830 etiam
859 1767 1022 1831 laieorum
1047 1769 1084 1831 in
1114 1769 1265 1831 extremis

142 1853 285 1936 positus,
307 1875 375 1937 pro
402 1853 501 1915 suae*
525 1853 657 1915 animae
678 1850 782 1915 salute
810 1853 932 1915 terreni
956 1850 1046 1935 reqis
1073 1850 1370 1934 implorauitusm.

147 1933 336 2000 auailium?
394 1934 479 2009 Quis
510 1956 585 1999 uero
620 1956 656 1998 re
679 1957 734 1998 um
771 1943 830 1998 aut
858 1935 1092 2018 imperatorum
1124 1933 1265 2018 aliquem

146 2021 366 2084 obristianum
388 2041 428 2083 eos
448 2021 601 2104 imposito
623 1958 686 2083 sili
705 2017 815 2100 officio
830 2017 916 2082 ualet
934 2039 1028 2081 saara
1050 2017 1265 2101 baptismate⁰

146 2125 188 2168 ea
210 2103 336 2168 diaboli
354 2113 510 2189 potestate
532 2103 657 2188 eripere
679 2112 708 2166 et
728 2104 814 2166 inter
830 2101 924 2184 filios
944 2101 1010 2164 Dei
1030 2122 1266 2165 connumerare

146 2197 322 2272 sanctoque
348 2189 521 2253 obrismate
545 2185 783 2271 praemunire?
826 2187 870 2249 Et
897 2185 984 2271 quod
1011 2186 1192 2250 martimum
1220 2186 1267 2249 est

147 2275 186 2338 in
209 2273 395 2337 christiana
416 2272 585 2359 reliqione,
609 2273 683 2357 quis
698 2293 809 2335 eorum
823 2269 907 2335 ualet
915 2270 1059 2356 proprio
1076 2291 1129 2334 ore
1145 2291 1266 2354 eorpus

148 2365 179 2420 et
212 2358 407 2443 sanquinem
434 2357 572 2422 Domini
601 2353 775 2438 conjicere?
811 2354 860 2418 vel
889 2355 944 2418 oui
972 2376 1082 2418 eorum
1111 2354 1193 2418 data
1221 2362 1267 2417 est

144 2449 289 2524 potestas
311 2440 444 2587 llnqandi
466 2439 675 2524 solvendique
698 2437 834 2502 incaelo
850 2447 878 2502 et
891 2439 929 2502 in
943 2436 1054 2501 terra?
1076 2437 1131 2501 Ea
1146 2437 1265 2522 quibus

149 2547 172 2587 a
197 2532 260 2586 erte
282 2546 318 2588 eo

148 2546 270 2672 abtum.
313 2606 382 2671 Aut
403 2609 477 2693 quis
498 2629 609 2672 eorum
625 2615 733 2691 potest
756 2602 896 2690 aliquem
918 2605 1071 2668 clericum
1090 2607 1126 2668 in
1150 2613 1267 2669 sanata

147 2690 286 2756 eeclesia
314 2690 494 2756 ordinare?
529 2700 650 2777 quanto
679 2691 790 2752 minus
818 2711 884 2772 pra
916 2688 963 2752 ali
984 2711 1031 2751 ua
1063 2687 1164 2773 eulpa
1195 2709 1268 2752 eum

148 2774 333 2859 deponere?
389 2775 541 2861 Namque
581 2776 619 2838 in
659 2773 885 2838 ecelesiasticis
920 2711 1094 2836 ordinibus
1129 2771 1268 2836 maioris

143 2863 316 2945 potestatis
352 2869 398 2924 est
435 2859 595 2944 deponere
629 2880 729 2944 quara
766 2857 934 2921 ordinare.
987 2855 1150 2940 Episcopi
1181 2854 1268 2920 enim

143 2953 286 3028 possunt
308 2943 392 3009 alios
414 2967 430 3009 e
461 2944 582 3028 ‘scopos
605 2943 774 3022 ordinare,
796 2941 852 3004 sed
873 2939 962 3004 nullo
977 2939 1072 3004 modo
1095 2941 1166 3004 sine
1189 2961 1267 3003 aaa·

148 3030 278 3092 toritate
301 3037 396 3112 apost
427 3029 499 3092 ieae
520 3027 607 3091 sedis
621 3026 792 3111 deponere.
839 3021 950 3098 Quisi
972 3025 1042 3088 itur
1055 3022 1105 3086 oel
1126 3024 1268 3086 tenuiter

149 3111 271 3176 sciolus
292 3112 413 3176 dubitet
427 3111 607 3176 sacerdotes
621 3110 753 3195 reqibus
775 3106 935 3192 anteferri
963 3107 977 3170 l
1014 3104 1110 3182 Quod
1131 3110 1162 3172 si
1175 3128 1268 3192 repes

144 3217 210 3280 pro
236 3198 383 3280 peccatis
415 3197 486 3260 suis
516 3219 538 3259 a
567 3193 790 3259 sacerdotibus
820 3201 897 3257 sunt
923 3192 1119 3271 iudicandi,
1153 3214 1175 3254 a
1203 3211 1267 3274 quo

147 3281 270 3343 rectius
291 3301 391 3363 quam
413 3303 436 3343 a
449 3279 600 3343 Romano
619 3277 773 3362 pontifice
794 3286 872 3340 sunt
890 3274 1089 3340 iudicandi?
1111 3273 1167 3338 Ad
1181 3296 1267 3338 sum-

149 3386 236 3426 mam
257 3363 413 3447 quotlibet
434 3363 532 3428 bonos
554 3363 752 3426 obristianos
780 3360 879 3425 multo
902 3360 1146 3424 convenientius
1169 3380 1269 3442 quam

149 3446 254 3511 malos
282 3449 399 3531 prinei
422 3470 455 3512 es
482 3468 574 3532 reqes
605 3445 747 3530 intelliqi
776 3444 871 3508 deaet.
921 3443 982 3507 Isti
1010 3445 1096 3507 enirn
1125 3439 1269 3527 qloriam

151 3530 216 3594 Dei
231 3470 421 3617 quaerendb
431 3539 525 3595 semet
539 3531 630 3615 ipsos
646 3537 799 3592 strennue
819 3535 955 3673 requam
980 3535 1014 3590 at
1035 3524 1168 3590 illinon
1184 3545 1268 3610 quae

150 3615 216 3680 Dei
237 3615 391 3680 suntsed
413 3637 475 3679 sna
497 3622 696 3700 quaerentes,
719 3611 843 3675 sibimet
880 3619 971 3690 ostes,
994 3608 1108 3675 aliast
1130 3610 1269 3674 ranniee

151 3701 354 3784 opprimunt.
398 3699 446 3762 Hi
465 3699 554 3762 ueri⁰
569 3699 659 3798 reqis
677 3695 808 3777 Obristi,
830 3694 883 3759 illi
904 3716 978 3759 uero
1001 3632 1129 3758 diabolb
1146 3714 1269 3777 eorpus

148 3792 236 3847 sunt.
280 3782 341 3848 Isti
363 3782 409 3846 ad
430 3783 490 3847 boo
518 3781 582 3846 sibi
601 3788 778 3866 imperant,
808 3789 843 3844 ut
869 3777 962 3842 eum'
983 3799 1105 3843 summo
1126 3779 1269 3862 impera·

148 3877 218 3932 tore
247 3865 455 3932 aeternaliter
479 3879 632 3952 reynaren·
668 3863 801 3928 illorum
832 3885 907 3928 vero
940 3862 978 3927 id
1002 3870 1151 3948 potestas
1186 3883 1206 3923 a
1232 3862 1268 3939 it,

151 3961 188 4016 ut
208 3973 281 4016 eum
301 3951 509 4016 tenebrarum
554 3950 692 4034 rineipe,
716 3949 774 4034 qni
794 3969 854 4012 rea
871 3957 1031 4032 estsuper
1054 3966 1161 4011 amnes
1174 3883 1267 4028 filios

148 4035 336 4120 superbiae,
359 4044 495 4100 aeterna
541 4035 728 4098 amantione
746 4033 943 4114 dispereant.
980 4029 1048 4094 Nee
1069 4029 1165 4094 ualde
1188 4050 1268 4092 sane

150 4120 342 4184 mirandum
377 4128 437 4201 est,
474 4117 560 4205 quod
595 4116 676 4181 mali
708 4115 878 4201 pontifices
910 4114 1026 4200 iniquo
1058 4114 1139 4199 reqi,
1176 4133 1269 4198 quem

351 2525 459 2610 'pilum
482 2532 610 2610 quanta
619 2531 778 2608 potestate
788 2521 972 2605 praecellat
987 2521 1136 2609 diqnitas
1158 2543 1264 2586 saeer-

147 4287 175 4400 z)
187 4289 312 4386 :flectatur
324 4293 344 4330 1.
405 4289 429 4343 b)
445 4291 470 4331 tn
486 4301 547 4332 osto.
559 4292 579 4330 1.
640 4289 660 4342 c)
677 4288 820 4339 bsptismatis
830 4289 849 4327 1.
910 4284 934 4339 d)
951 4285 1079 4327 interret.
1140 4281 1162 4335 s)
1178 4292 1233 4323 rsrs
1250 4284 1271 4326 1.
1344 4285 1346 4288 '

202 4354 242 4388 esa
259 4351 279 4391 1.
