3116 4822
272 371 298 421 X
727 357 943 410 PRAEFATIO.

275 551 381 608 enstat
396 537 535 625 epistula
550 531 704 596 monasti
722 527 894 592 cuiusdam
913 523 1170 608 Hirsuupiensis
1180 532 1259 606 post
1274 545 1400 589 annum

277 627 368 694 1089.
392 632 507 690 contra
526 615 712 686 Clementem
725 635 854 698 papam
869 610 1005 692 scripta,
1028 629 1105 691 qua,
1128 629 1202 671 cum
1216 617 1296 677 esset
1310 632 1399 674 acer.

276 712 384 776 bitatis
410 708 526 792 plena,
550 699 660 786 facile
684 697 766 780 fleri
793 695 913 780 potuit,
943 701 980 755 ut
1008 689 1182 777 apolopiae
1211 701 1327 756 auctor
1356 695 1402 758 ad

276 793 481 860 scribendum
503 787 709 853 incitaretur.
750 781 864 864 l‘taque
886 799 952 840 non
974 797 1103 840 necesse
1125 785 1170 838 est
1194 777 1402 859 arbitremur,

277 901 350 944 eum
370 879 437 942 iam
461 871 617 958 Greporii
638 865 781 952 epistula
804 860 1005 946 compulsum
1028 881 1104 936 esse,
1128 869 1164 922 ut
1186 860 1400 926 adversarius

271 985 388 1049 papae
402 962 577 1024 ensisteret.
608 951 752 1030 Accedit,
775 948 863 1032 quod
878 967 918 1010 eu
936 944 1005 1006 illis
1026 943 1106 1007 locis
1128 942 1207 1008 libri
1221 945 1248 1008 I.
1272 947 1313 1009 de
1328 949 1402 1010 uni·

277 1057 342 1111 tate
364 1045 437 1110 eccl.
466 1049 510 1126 (c.
534 1042 563 1104 3.
587 1039 616 1103 6.
642 1035 709 1116 12),
737 1033 855 1117 quihus
877 1051 937 1093 nos
960 1030 1033 1114 copi
1054 1027 1173 1092 Euald
1192 1037 1301 1112 putat,
1328 1032 1402 1094 uiuo

279 1127 507 1196 Hildebrando
529 1124 648 1188 librum
665 1121 731 1184 scri
757 1127 823 1180 tum
846 1136 913 1178 esse
936 1121 1087 1192 statuere,
1110 1112 1196 1175 nihil
1215 1135 1256 1176 ar
1279 1115 1403 1178 umenti

276 1217 346 1300 peti
361 1221 478 1298 potest.
511 1210 602 1274 Nam
621 1205 708 1290 quod
722 1141 861 1287 ldpitur:
883 1195 1001 1282 probet
1014 1216 1100 1258 nuno
1122 1194 1175 1260 ille
1189 1137 1404 1280 Hildebrand,

279 1301 358 1364 inde
380 1320 447 1362 non
469 1291 657 1359 necessario
680 1287 716 1372 ef
738 1287 833 1364 citur,
856 1283 954 1346 etiam
976 1282 1049 1344 uiuo
1073 1279 1302 1346 Hildebrando
1324 1283 1403 1346 laec

279 1383 376 1447 uerba
406 1381 532 1464 scripta
565 1395 641 1439 esse.
713 1371 752 1434 ed
781 1377 817 1430 ut
843 1388 904 1430 nos
932 1388 1067 1450 quoque,
1098 1364 1155 1427 ubi
1182 1366 1403 1451 descriptore

281 1467 392 1552 aliquo
409 1467 478 1528 iam
500 1459 625 1525 dudum
646 1465 771 1520 mortuo
795 1451 966 1531 dicimusl,
983 1450 1157 1535 praesenti
1178 1457 1319 1534 tempore
1340 1452 1401 1514 uti-

279 1575 364 1631 mur,
385 1550 435 1612 ita
457 1549 555 1612 etium
577 1543 616 1606 de
639 1536 879 1615 Hildelrando,
902 1537 1024 1618 quippe
1046 1534 1141 1596 euius
1163 1555 1253 1597 mens
1277 1543 1312 1598 tn
1334 1537 1403 1618 epi-

281 1634 376 1699 stulis
392 1635 547 1718 spiraret,
569 1627 629 1692 illa
644 1623 742 1688 uerba
754 1619 862 1706 facile
885 1618 953 1683 dici
966 1626 1150 1701 potueruut.
1184 1615 1294 1690 Quid?
1317 1619 1404 1702 quod

281 1742 320 1782 ea
343 1741 409 1782 non
432 1726 498 1779 tam
521 1707 783 1776 Hildelrandum
804 1707 915 1788 ipsum
938 1725 1036 1786 quam
1059 1723 1110 1764 eos
1132 1704 1324 1785 respiciunt,
1348 1703 1406 1787 qui

283 1805 354 1868 eius
372 1809 487 1886 partes
510 1789 747 1882 sequebantur?
793 1787 887 1862 erod
910 1787 996 1850 idem
1017 1785 1102 1849 ualet
1123 1786 1163 1849 de
1184 1787 1291 1850 uerbis
1317 1811 1343 1854 c.
1367 1787 1405 1850 6.·

282 1885 340 1952 sed
368 1906 465 1969 saepe
493 1881 597 1946 dictus
619 1897 706 1964 papo
727 1869 931 1938 Hildebrund
952 1890 1063 1954 regem
1086 1917 1094 1934 .
1118 1917 1126 1933 .
1150 1919 1157 1934 .
1181 1915 1189 1933 .
1213 1872 1339 1956 quaerit
1360 1873 1406 1933 ita

281 1970 484 2050 inhonorare,
505 1975 542 2029 ut
562 1962 639 2028 velit
661 1970 716 2024 etc.
760 1957 849 2020 Nam
879 1957 937 2020 leoe
966 1953 1035 2018 loco
1058 1954 1181 2018 dicitur
1202 1957 1242 2019 de
1264 1955 1406 2039 epistula

284 2057 353 2138 illa,
376 2056 471 2119 cuius
486 2053 537 2114 uis
559 2051 657 2112 etium
679 2055 747 2108 tum
761 2041 899 2126 uipebat,
923 2061 1121 2122 quamquam
1164 2041 1202 2102 ui
1216 2061 1288 2102 eam
1303 2041 1406 2122 scrip·

283 2150 371 2204 serat
398 2145 545 2201 mortuus
575 2141 656 2197 erat.
699 2126 822 2191 Eodem
849 2123 943 2186 modo
975 2062 1177 2266 suplicando
1206 2131 1283 2186 suut
1307 2123 1407 2187 uerba

284 2249 310 2289 c.
333 2225 375 2288 3.·
398 2220 652 2307 quaeritantem
674 2231 761 2275 nuno
783 2207 899 2292 aliquis
920 2205 1011 2292 ponti
1037 2225 1110 2268 eum
1138 2205 1299 2290 deponere
1320 2207 1430 2292 prin„

285 2309 391 2394 oipem
418 2302 624 2391 populorum.
671 2295 762 2371 Quae
795 2292 893 2356 uerba
921 2313 988 2353 non
1018 2289 1115 2352 aliter
1141 2291 1209 2354 nisi
1230 2313 1296 2375 per
1325 2313 1405 2376 apo-

285 2392 450 2476 strophen,
472 2411 570 2474 quam
595 2382 717 2446 Graeci
737 2385 865 2456 uocant,
887 2377 978 2440 diota
1000 2383 1086 2438 sunt.

369 2475 470 2540 Nunc
506 2470 689 2535 transimus
728 2463 773 2527 ad
813 2483 880 2524 eam
911 2467 1040 2543 partem
1081 2459 1334 2543 disputationis,
1370 2461 1408 2523 in

287 2583 354 2646 qua
380 2578 594 2642 eaponamus,
648 2551 701 2614 uis
733 2547 853 2612 librum
883 2544 921 2607 de
950 2544 1077 2607 unitate
1104 2543 1256 2608 ecelesiae
1283 2567 1410 2608 conser-

286 2644 400 2708 vanda
422 2642 600 2725 scripserit.
669 2657 684 2698 e
706 2655 773 2718 qua
794 2651 830 2692 re
853 2629 911 2714 qui
932 2629 1136 2712 scripserunt
1156 2637 1250 2690 tanta
1273 2629 1408 2691 suntin

286 2729 444 2793 uarietate
478 2749 516 2790 ac
543 2720 756 2798 dissensione,
789 2723 826 2778 ut
858 2713 1002 2776 omnium
1034 2735 1144 2776 eoram
1173 2712 1339 2775 molestum
1367 2714 1411 2774 sit

287 2815 496 2878 dinumerare
529 2805 716 2872 sententias.
760 2801 801 2862 ln
831 2798 892 2860 lac
921 2798 1006 2859 enim
1033 2817 1069 2858 re
1097 2804 1125 2858 et
1153 2795 1210 2859 loe
1232 2795 1410 2858 uidendum

288 2907 343 2978 est,
369 2919 410 2960 ne
444 2893 531 2980 quod
558 2913 626 2954 non
653 2888 736 2950 satis
764 2881 932 2964 euplerate
962 2881 1128 2962 capnitum
1155 2879 1198 2940 sit
1225 2887 1410 2941 statuamus

288 2985 355 3044 siue
369 2979 594 3065 defendamus,
617 2980 646 3035 et
668 2971 737 3048 troc,
759 2989 799 3028 ne
821 2972 941 3027 conatu
963 2963 1096 3025 omnino
1119 2963 1313 3025 desistamus
1330 2984 1410 3046 per-

289 3065 367 3130 inde
396 3087 434 3126 ao
464 3064 494 3126 oi
521 3061 560 3123 de
590 3058 651 3141 leae
678 3073 713 3115 re
743 3057 892 3113 neutram
919 3047 956 3109 in
974 3055 1105 3128 partem
1131 3048 1211 3110 certi
1233 3049 1410 3132 quicquam

290 3149 447 3213 constitui
471 3145 588 3229 possit.
635 3138 798 3202 Hutteuus
825 3132 864 3196 de
890 3132 1049 3214 scriptore
1078 3129 1253 3214 apolopiae
1279 3139 1412 3193 nostrae

290 3232 340 3298 nil
367 3231 531 3296 diiudicat
559 3235 588 3288 et
617 3221 797 3310 peneratim
825 3225 920 3300 atque
945 3215 1096 3278 universe
1118 3214 1237 3277 dicit²:
1270 3214 1413 3278 ‘Eoriluit

291 3315 459 3401 confestim
479 3313 531 3378 lic
554 3308 705 3396 quisquis
714 3301 799 3389 fuit,
822 3308 903 3363 certe
924 3297 1028 3360 malus
1051 3319 1117 3360 esse
1139 3319 1205 3360 non
1222 3299 1335 3382 potuit
1354 3299 1414 3384 qui

292 3404 338 3466 sic
361 3399 505 3484 scripsit,
527 3393 643 3460 calluit
665 3399 693 3454 et
709 3389 864 3472 optimam
879 3403 1015 3446 causam
1037 3382 1155 3464 optime
1176 3384 1263 3446 tueri
1278 3405 1413 3468 appres-

292 3509 348 3550 sus
377 3487 441 3548 est'.
483 3483 660 3564 Postquam
686 3475 783 3538 etiam
812 3467 1000 3532 nouissimis
1028 3465 1227 3548 temporibus
1260 3467 1415 3532 nonnulli

293 3571 332 3636 de
355 3569 417 3634 leae
447 3565 635 3653 quaestione
663 3559 926 3640 disputauerunt,
951 3550 989 3612 id
1009 3551 1152 3614 manime
1173 3572 1241 3615 rem
1263 3574 1413 3615 causam-

293 3676 354 3738 que
386 3654 537 3730 continet,
567 3656 678 3710 utrum
705 3637 924 3704 Waltramus³
947 3635 1121 3718 episcopus
1150 3634 1415 3719 Numburpensis

295 3737 483 3822 opolopiam
515 3729 684 3814 scripserit
713 3746 759 3786 an
788 3718 967 3784 monachus
1000 3718 1137 3803 quidam
1169 3717 1417 3782 Hersueldensis

295 3823 390 3888 ouius
406 3841 520 3884 nomen
538 3812 692 3880 constitui
714 3829 781 3872 non
791 3803 908 3889 possit,
930 3800 980 3866 uel
989 3805 1114 3886 potius,
1130 3811 1241 3865 utrum
1255 3805 1286 3866 is
1300 3824 1413 3866 mona·

297 3993 324 4057 1)
344 3993 380 4042 nt
398 3993 456 4058 ipse
480 3994 574 4040 suotor
592 3987 631 4034 itu
649 3981 750 4046 ubique
769 3977 825 4027 iere
845 3974 879 4026 de
894 3975 1054 4041 Augustino,
1075 3975 1206 4040 Gregorio
1225 3973 1336 4039 Magno,
1356 3973 1417 4024 aliis

297 4067 373 4117 dixit.
449 4063 478 4128 2)
497 4059 585 4112 Praei.
605 4075 631 4124 p.
645 4055 672 4107 9.
740 4052 769 4116 3)
789 4051 833 4101 Ita
851 4065 948 4100 nomen
966 4049 1090 4099 scribitur
1109 4048 1178 4098 Anu.
1193 4046 1322 4098 unuin.
1338 4045 1418 4112 1090,

298 4141 347 4192 SS.
367 4137 456 4198 XVII,
481 4153 507 4202 p.
528 4135 544 4184 9
564 4147 624 4198 sqq.
664 4126 720 4180 Sed
739 4125 810 4176 Ann.
830 4124 940 4188 Peguv,
966 4121 1014 4172 SS.
1033 4121 1107 4184 XVI,
1133 4138 1159 4186 p.
1180 4120 1242 4186 242,
1263 4136 1324 4170 eum
1342 4119 1419 4170 Wol-

296 4214 427 4265 robunum
447 4200 673 4275 (Wolruvunum),
701 4200 734 4252 G.
754 4198 892 4264 archiepp.
911 4195 1014 4258 Magi„
1040 4194 1088 4246 SS.
1109 4195 1182 4258 XIV,
1208 4212 1234 4262 p.
1254 4191 1317 4243 406,
1344 4193 1419 4242 wal.

298 4285 426 4338 robonum
454 4285 563 4346 dicunt,
590 4281 618 4328 in
645 4272 837 4342 diplomatibus
860 4286 924 4321 vero
949 4268 1125 4322 Guslersmns
1150 4267 1195 4318 vel
1218 4266 1419 4320 qulerumnus

298 4360 398 4426 legitur
418 4357 552 4424 (Lepsios,
571 4354 614 4406 ‘u
629 4353 655 4404 d.
669 4349 761 4402 Bisoh.
778 4363 804 4396 v.
816 4343 981 4409 Nuumburg,
1001 4361 1028 4410 p.
1044 4343 1105 4394 235.
1121 4339 1202 4409 236);
1222 4343 1261 4392 itu
1284 4345 1314 4392 ut
1335 4339 1424 4392 formu

298 4433 451 4484 Walramus
470 4427 648 4498 praeferendo
667 4441 728 4476 erse
746 4418 877 4472 videatur.
916 4418 948 4469 G.
963 4418 1005 4468 W.
