3114 4814
332 367 380 417 uu
401 368 560 420 unrrnun
580 349 784 434 accursus
806 371 1081 424 cousuuvsuns.
1247 371 1281 422 ss
1307 363 1310 370 '

163 545 197 601 et
210 535 333 620 legeret
354 535 529 621 capitulum
551 537 736 623 quoddam³
757 560 800 602 ex
814 539 949 604 decretis
965 541 1181 604 Romanorum
1203 561 1362 625 pon-ross.

165 620 298 688 tificum.
314 619 374 697 ,At
394 619 447 686 illc
468 623 609 687 surrexit
630 635 662 688 et
682 621 769 707 legit,
791 623 951 709 quomodo
966 623 1064 688 rebus
1086 625 1152 688 suis
1166 623 1282 710 aliquis

162 703 343 791 expoliatus
362 715 427 791 aut
455 727 476 768 a
503 705 578 771 sede
608 707 739 792 propria
765 708 798 771 vi
833 719 889 772 aut
916 717 1037 772 terrore
1067 707 1180 794 pulsus
1216 729 1282 772 non

162 799 267 876 potest
281 789 435 871 accusari,
454 791 574 872 vocari,
596 790 732 855 iudicari
746 802 804 856 aut
818 791 973 873 damnariJ
989 803 1159 890 antequam
1175 794 1282 856 omnia

162 873 224 938 sibi
251 871 359 938 ablata
385 896 427 938 ex
456 875 522 938 inte
548 897 582 939 ro
611 877 819 940 restituantur
848 888 880 942 et
906 899 980 940 cum
1002 897 1089 940 omm
1112 875 1280 975 privilegio

162 979 220 1022 suo
235 957 285 1020 ius
299 958 466 1043 proprium
486 897 686 1040 redrrmetun
709 961 824 1046 etipse
840 961 975 1046 pacifice
998 961 1054 1024 diu
1077 983 1142 1024 suis
1157 961 1281 1025 fruatur

160 1041 355 1124 honoribus,
387 1044 537 1128 propriae
569 1043 639 1108 sedi
670 1043 860 1128 regulariter
894 1046 1069 1110 restitutus.
1122 1044 1218 1124 Quod
1250 1057 1282 1110 et

161 1127 341 1191 Nicaenum
374 1128 539 1193 constituit
572 1126 753 1210 concilium,
786 1140 821 1194 ut
848 1151 942 1194 nemo
972 1127 1161 1214 pontificum
1190 1150 1282 1214 prae-

162 1219 276 1292 sumat,
305 1209 444 1296 aliquem
473 1213 540 1277 suis
562 1211 762 1298 expoliatum
791 1213 887 1278 rebus
915 1214 1197 1277 excommunicare
1224 1222 1281 1277 aut

162 1294 315 1358 iudicare.
359 1294 412 1358 Ad
439 1294 519 1360 haec
552 1318 627 1361 cum
654 1294 865 1362 obmutuisset
887 1296 1097 1362 Gebehardus
1120 1295 1282 1362 Saltabur-

162 1379 272 1462 gensis
294 1375 449 1444 ecclesiae
470 1381 743 1466 archiepiscopus,
766 1384 822 1468 qui
843 1403 974 1445 causam
996 1381 1150 1445 adversae
1179 1381 1281 1466 partis

163 1473 233 1526 erat
258 1473 398 1544 acturus,
428 1473 539 1550 utpote
567 1465 655 1550 apud
684 1487 760 1530 suos
789 1468 930 1530 maxime
952 1465 1003 1530 vel
1023 1467 1095 1550 ipsa
1117 1473 1282 1530 senectute

161 1569 223 1610 sua
254 1545 306 1611 vel
339 1549 472 1611 scientia
504 1551 736 1634 scripturarum
763 1551 832 1614 sive
862 1550 910 1614 elo
935 1551 1044 1614 uentia
1076 1547 1282 1630 reverendus,

163 1641 233 1694 tum
266 1631 396 1716 quidem
431 1631 538 1698 intulit
571 1633 778 1698 Werinherus
814 1573 1090 1719 Merseirurgensis
1127 1633 1282 1698 ecclesiae

162 1717 346 1800 episcopus,
369 1715 425 1780 ubi
447 1718 481 1779 in
502 1716 679 1782 canonibus
701 1719 855 1804 scriptum
878 1727 961 1784 esset
982 1717 1103 1804 aliquid
1126 1717 1284 1782 eiusmodi

163 1799 204 1864 de
228 1798 462 1864 .mulieribus‘?¹
495 1801 540 1864 Et
561 1801 744 1866 Wezelinus
766 1801 1026 1888 archiepiscopus
1048 1803 1215 1886 porrigens
1237 1803 1284 1866 eis

163 1882 299 1948 librum:
323 1883 437 1966 ‘Ecce’,
460 1885 573 1970 inquit,
596 1887 669 1970 ‘ipsi
683 1886 779 1971 legite
801 1907 999 1972 consequens
1021 1885 1114 1950 huius
1129 1889 1177 1950 rei
1197 1887 1284 1950 testi-

163 1969 318 2049 monium,
341 1967 502 2053 quomodo
524 1968 598 2034 huic
621 1991 749 2056 quoque
771 1973 865 2034 sexui
887 1992 905 2033 o
932 1978 1033 2034 orteat
1054 1971 1173 2034 iustum
1202 1969 1283 2033 iudi-

163 2053 250 2117 cium
277 2053 356 2134 fieri,
385 2062 416 2117 et
445 2053 606 2139 quomodo
635 2077 675 2118 ne
704 2052 819 2118 mulier
847 1993 976 2140 quidem
1006 2054 1122 2120 debeat
1149 2053 1283 2118 obiectis

164 2137 369 2222 respondere,
392 2136 495 2200 donec
509 2139 712 2223 permittatur
734 2139 774 2219 ei,
795 2161 863 2202 rem
885 2137 1074 2202 familiarem
1095 2136 1195 2202 libere
1211 2137 1281 2200 diu-

163 2223 229 2286 tius
244 2221 399 2286 ordinare’
407 2233 428 2284 ².
457 2221 542 2285 Tum
557 2244 668 2288 omnes
690 2221 842 2288 adversae
865 2224 964 2308 partis
985 2223 1131 2308 episcopi
1151 2223 1197 2286 ita
1211 2232 1284 2286 sunt

123 2327 131 2349 ·
165 2305 290 2369 confusi
311 2313 342 2370 et
362 2307 408 2370 ita
422 2306 554 2388 devicti,
576 2317 697 2372 utnon
718 2307 881 2389 haberent,
904 2307 981 2394 quid
1003 2306 1046 2370 ad
1060 2307 1140 2371 haec
1154 2327 1284 2392 respon-

162 2389 241 2454 dere
255 2399 395 2475 possent,
417 2401 566 2455 manente
587 2391 674 2476 apud
696 2389 864 2455 ecclesiam
879 2391 943 2456 Dei
963 2392 1109 2472 victoria,
1132 2391 1284 2478 quoniam

167 2473 367 2538 obstructum
396 2485 444 2538 est
471 2495 506 2538 os
527 2473 726 2560 loquentium
747 2477 867 2562 iniqua.
912 2475 977 2540 Sed
998 2475 1072 2539 hine
1092 2474 1445 2546 resonabantesusssrs.

167 2557 279 2622 laudes
300 2559 382 2640 Deo,
411 2557 498 2622 illinc
527 2569 635 2623 autem
661 2567 729 2623 erat
757 2582 901 2624 murmur
927 2557 1046 2623 multus
1071 2561 1106 2623 in
1127 2559 1221 2624 turba
1243 2559 1284 2622 de

166 2664 312 2708 sermone
333 2641 398 2706 illc.
436 2642 588 2724 ‘Quidam
610 2644 696 2708 enim
717 2643 877 2727 dicebant,
900 2645 989 2730 quia:
1015 2644 1126 2707 Bonus
1147 2653 1206 2724 est,
1228 2641 1421 2719 alfianum.

166 2735 276 2790 autem
297 2726 464 2792 dicebant:
494 2727 577 2810 Non,
599 2727 657 2792 sed
679 2728 804 2792 seducit
824 2728 953 2792 turbas’.
997 2726 1092 2792 Unde
1113 2727 1200 2792 facta
1221 2726 1283 2791 dis·

165 2811 312 2876 sensione
334 2811 417 2876 inter
434 2812 523 2896 ipsos
545 2813 643 2876 etiam
664 2813 767 2896 princi
793 2834 826 2876 es
849 2813 1004 2876 adversae
1025 2811 1136 2897 partis,
1159 2811 1284 2875 occisus

166 2903 216 2960 est
247 2895 294 2959 ibi
312 2895 555 2960 =Thiederichus
587 2917 704 2980 comes,
735 2835 857 2960 heliseus
894 2897 927 2959 in
956 2896 1105 2979 coniugio
1142 2916 1285 2960 sororem

165 2978 324 3064 Egberthi
345 2979 555 3063 marchionis;
578 3003 674 3067 quem
708 3003 783 3044 cum
815 2981 895 3046 alter
928 2978 1169 3062 Thiederichus‚
1206 3001 1284 3044 suus

166 3063 289 3128 scilicet
321 3073 487 3149 cognatus,
520 3067 679 3151 coepisset
705 3064 886 3146 defendere,
916 3067 1041 3129 occisus
1069 3073 1117 3128 est
1145 3073 1177 3129 et
1203 3065 1284 3150 ipse.

167 3149 212 3212 Et
244 3156 339 3230 certe,
372 3149 434 3212 nisi
465 3149 543 3234 fuga
578 3150 748 3235 eripuisset
782 3149 932 3214 Udonem
967 3147 1284 3213 Hildinisheimensis

166 3230 322 3296 ecclesiae
350 3233 540 3320 episcopum
568 3243 600 3299 et
628 3235 761 3298 fratrem
782 3235 850 3298 eius
874 3233 1101 3298 Ohuonradum
1124 3234 1284 3314 comitem,

166 3317 231 3402 ipsi
252 3318 372 3401 pariter
394 3318 619 3384 occubuissent
640 3341 698 3404 per
718 3341 833 3382 manus
851 3318 1054 3404 operantium
1074 3318 1284 3404 iniquitatem,

167 3401 224 3486 qui
251 3401 346 3466 ambo
374 3402 475 3466 mults
502 3402 682 3488 posthaec
710 3403 798 3488 passi
826 3411 901 3466 sunt
921 3403 1057 3466 adversa
1078 3423 1137 3486 per
1157 3402 1285 3486 provin-

167 3483 264 3548 ciales
285 3486 409 3571 patriae
432 3509 518 3567 suae,
541 3487 665 3552 scilicet
686 3485 858 3568 Saxoniae,
881 3487 957 3571 quia
978 3484 1148 3550 noluerunt
1168 3485 1286 3550 reverti

167 3567 210 3633 ad
236 3579 343 3655 partes
373 3569 522 3635 factionis
552 3593 628 3636 suae
636 3581 659 3638 ³.
702 3571 755 3636 Ad
781 3581 960 3636 extremum
985 3591 1061 3636 vero
1092 3571 1215 3634 occisus
1238 3579 1286 3635 est

158 3739 192 3812 a)
209 3763 302 3810 quidem
320 3765 344 3811 13
360 3763 478 3801 emendavit
494 3761 591 3805 oouara

169 3901 197 3970 1)
216 3904 294 3955 Haec
314 3907 436 3971 quaestio
456 3923 473 3954 a
491 3905 640 3958 Waltrsmo
660 3912 721 3972 post
740 3912 863 3956 eventum
884 3904 947 3956 ficta
964 3905 1070 3956 videtur
1089 3921 1157 3956 esse.
1195 3906 1286 3971 Magis

166 3978 333 4044 probandum
353 3985 402 4042 est,
422 3979 493 4046 quod
513 3981 581 4030 Ann.
599 3979 727 4046 Magdeb.
745 3980 858 4030 habent:
880 3977 1026 4044 Capitolium
1045 3978 1094 4029 hoc
1111 3995 1159 4030 neo
1177 3979 1286 4029 autocr-

165 4051 257 4102 saliter
277 4067 366 4102 oerum
384 4052 431 4115 (cf.
452 4052 502 4104 SS.
521 4054 595 4116 XVI,
613 4071 640 4120 p.
655 4052 730 4119 176).
786 4054 813 4118 2)
835 4052 1221 4104 cf.Decret.Pseudossic10r.
1242 4051 1285 4104 ed.

166 4123 360 4192 Hinschiusp.
372 4125 415 4176 18.
476 4125 506 4193 3)
520 4127 683 4178 Waltramus
702 4126 775 4178 solus
795 4143 829 4178 ex
844 4126 967 4176 omnibus
986 4126 1160 4191 scriptoribus
1179 4123 1286 4175 illorum

167 4203 317 4264 temporum
336 4215 378 4250 res
397 4200 426 4249 in
444 4200 491 4252 illo
511 4207 644 4252 conventu
663 4206 753 4264 gestas
773 4201 807 4250 ad
822 4200 981 4251 sententiam
999 4200 1167 4264 imperatoris
1186 4204 1286 4258 narrat,

168 4272 279 4338 eiusque
293 4273 382 4322 verbis
396 4276 512 4324 maxima
527 4274 594 4326 fides
610 4273 736 4324 habenda
750 4280 790 4323 est
808 4279 958 4338 propterea,
978 4273 1050 4338 quod
1068 4274 1127 4338 ipse
1142 4274 1288 4323 conventui

169 4345 321 4397 interfuisse
346 4345 459 4411 videtur,
485 4354 511 4398 et
536 4347 608 4414 quod
633 4349 689 4399 eius
716 4347 792 4398 unius
812 4346 895 4397 verba
914 4362 967 4397 non
986 4352 1106 4412 pugnant
1126 4362 1187 4397 cum
1206 4345 1286 4397 rebus
