3116 4822
271 311 306 361 40
454 310 505 361 DE
528 307 687 361 UNITATE
706 305 910 358 accensus
931 305 1205 358 CONSERVANDA.

270 485 327 536 iam
351 484 442 536 diuum
465 483 595 545 uitiomm,
621 481 690 533 sieut
710 481 789 547 prius
802 481 899 548 fuerat
925 479 1099 546 disputatum,
1118 482 1165 532 sed
1184 481 1251 533 sieut
1269 483 1338 535 ratio
1357 497 1389 535 ea

271 558 325 610 illis
344 557 537 624 definitionibus
561 572 681 608 connexa
700 554 840 618 docuisset,
859 553 964 604 omnino
983 555 1085 604 aunam
1103 571 1158 606 esse
1176 572 1231 606 rem
1244 557 1388 622 publicam,

272 631 399 698 quonlam
417 648 470 682 non
489 637 554 682 esset
572 647 614 680 res
636 628 740 694 populi,
766 645 825 678 cum
847 634 977 693 tmaaaus
1002 644 1061 678 eam
1071 627 1212 694 factiovea
1235 635 1388 696 amouisset,

273 721 321 758 aee
338 705 394 770 ipse
409 706 527 770 populus
546 703 601 753 iam
616 703 733 768 populus
747 708 821 764 esset,
839 701 864 751 si
882 707 947 752 esset
965 700 1088 765 iniustus,
1108 701 1234 766 quoniam
1252 721 1306 754 aaa
1323 709 1389 754 esset

273 778 412 830 multitudo
430 777 498 829 iuris
518 793 645 828 consensu
669 783 693 827 et
719 773 839 826 utilitatis
863 773 1042 826 communione
1062 775 1170 837 sociata,
1190 775 1258 826 sieut
1270 776 1388 842 populus

265 861 363 927 suerat
382 859 513 926 ιιιηιὶιτιι.
548 843 565 908 Ι
589 844 653 908 itur
667 843 749 907 duae
764 843 911 906 civitates
933 842 967 904 in
990 840 1090 906 Sacra
1113 843 1283 929 Scriptura
1303 865 1389 908 eom-

273 926 474 1009 mendantur,
488 949 553 992 una
601 929 640 1010 ei,
661 925 762 992 altera
776 924 911 1008 diaboli,
933 923 988 990 illa
1001 948 1060 1011 per
1074 927 1277 994 Hierusalem
1292 928 1390 1012 signi-

273 1012 397 1094 fioatur,
419 1013 611 1098 metropolin
658 1011 745 1096 opuli
766 1010 840 1092 Dei,
862 1009 942 1075 haee
987 1032 1021 1075 er
1042 1010 1253 1098 Babylonem,
1274 1023 1390 1078 metro·

272 1094 362 1183 polin
382 1096 528 1181 gentium
549 1034 670 1182 populo
692 1095 756 1160 Dei
779 1115 945 1180 sempera
969 1097 1159 1178 versariam;
1181 1105 1278 1184 atque
1305 1095 1391 1180 idea,

273 1181 425 1266 quoniam
447 1180 650 1246 Hierusalem
672 1181 753 1244 visio
776 1180 867 1264 paeis
888 1179 1123 1265 interpretatur,
1146 1203 1211 1279 pax
1231 1204 1289 1266 per
1304 1183 1392 1246 aives

272 1273 369 1350 atque
396 1264 592 1330 domesticos
614 1263 792 1349 Babylonis
820 1261 1034 1346 confunditur,
1062 1286 1212 1349 quonlam
1242 1264 1391 1350 Babylon

127 1367 177 1410 ποτ.
186 1367 262 1422 rasi.
272 1349 417 1414 confusio
453 1349 691 1435 interpretatur.
734 1348 860 1428 Pacem,
896 1347 1002 1433 inquit
1034 1348 1204 1429 Dominus,
1240 1350 1392 1436 relinquo

272 1435 372 1514 uobis,
389 1455 507 1516 paceni
527 1455 632 1497 meam
653 1434 695 1500 do
716 1432 825 1512 uobis,
847 1431 943 1512 unde,
965 1433 993 1494 si
1015 1434 1142 1518 quando
1164 1434 1222 1498 lilii
1237 1432 1392 1499 eeclesiae

273 1525 434 1602 coguntur
461 1515 659 1602 belligerare,
687 1537 752 1580 non
779 1515 840 1579 hoo
861 1525 962 1600 agunt
986 1539 1027 1580 ex
1049 1517 1195 1584 doctrina
1217 1518 1338 1584 Christi
1359 1527 1393 1582 et

213 1608 217 1619 “
272 1601 442 1666 traditione
464 1599 628 1684 ecelesiae,
657 1600 714 1665 sed
743 1621 785 1664 ex
806 1601 996 1665 necessitate
1024 1613 1056 1668 et
1078 1605 1226 1689 contagio
1250 1603 1391 1689 quodam

271 1684 449 1772 Babylonis
472 1685 610 1750 civitatis
630 1694 785 1764 terrenae,
808 1683 895 1769 apud
911 1705 1007 1771 quam
1022 1695 1167 1774 tempore
1188 1685 1393 1753 mortalitatis

273 1791 350 1834 suae
379 1770 627 1856 peregrinantur
653 1769 711 1833 filii
734 1768 991 1854 Hierosolymae.
1035 1771 1122 1836 Hine
1142 1774 1258 1838 iterum
1280 1771 1392 1858 Augu-

273 1855 376 1918 stinus
390 1855 425 1918 in
440 1853 625 1940 supradicto
639 1853 721 1919 libro
737 1853 777 1918 de
794 1853 922 1918 civitate
938 1853 1015 1918 Dei:
1053 1870 1228 1935 Ueratianae,
1253 1857 1359 1944 inquit
1369 1869 1391 1937 ¹,

273 1944 408 2011 reliyioais
424 1953 570 2011 waeeepta
591 1946 624 1997 de
650 1944 726 1996 iustis
741 1943 885 2010 uotaque
902 1944 1020 1994 moritus
1038 1945 1063 1996 si
1080 1946 1160 1998 simul
1174 1946 1299 1999 audirent
1314 1953 1394 2013 atque

274 2025 490 2086 sarmentisque
510 2025 596 2070 terrae
615 2025 639 2070 et
657 2035 745 2070 omues
760 2017 857 2082 populi
870 2017 1006 2082 aiaeipee
1025 2025 1049 2068 et
1068 2037 1158 2071 omnes
1174 2019 1274 2072 iudiees
1297 2028 1392 2084 terrae,

273 2093 381 2144 iuuenes
400 2099 424 2142 et
443 2092 567 2160 viraines,
586 2108 660 2144 senes
679 2109 738 2142 ιητη
755 2089 915 2152 lunaribus,
940 2097 1013 2142 aetas
1032 2092 1116 2144 omnis
1141 2111 1229 2159 cupae
1248 2102 1272 2145 et
1284 2101 1393 2158 uaeque

275 2182 354 2217 seaus
374 2172 398 2216 et
415 2182 480 2230 quos
505 2165 621 2230 baptista
642 2165 776 2215 Iohannes
798 2163 942 2228 alloquitur
965 2172 1099 2216 coactores
1121 2165 1175 2231 ipsi
1193 2173 1271 2232 atque
1289 2167 1394 2232 milites,

275 2245 336 2289 tune
355 2245 380 2288 et
398 2244 483 2289 terras
501 2237 571 2290 uitae
586 2236 735 2302 prasentia
754 2243 861 2288 ornaret
878 2255 930 2288 sua
941 2237 1073 2303 felicitate
1091 2255 1133 2289 res
1147 2241 1259 2306 publiea
1277 2248 1301 2292 et
1322 2241 1393 2292 vitae

276 2318 398 2363 aeternae
418 2310 519 2362 eubaea
539 2310 685 2362 beatissime
703 2317 849 2376 aequatura
868 2312 1058 2362 eoaseenderet.
1092 2311 1148 2364 Sed
1159 2314 1225 2379 quia
1242 2314 1290 2366 iste
1306 2315 1393 2378 audit,

273 2384 319 2436 ille
344 2383 489 2448 contemnit,
510 2383 655 2449 pluresque
679 2383 750 2434 vitiis
769 2385 837 2465 male
859 2383 1055 2465 blandientibus
1078 2403 1159 2452 quam
1182 2387 1242 2438 atili
1266 2387 1395 2440 uirtutum

275 2465 414 2532 asperitati
437 2472 499 2518 suut
518 2465 663 2529 amiciores,
687 2467 807 2529 tolerare,
827 2461 939 2536 lnqult,
960 2467 1056 2519 aaran
1066 2469 1170 2535 famuli
1186 2470 1318 2534 iubentur,
1338 2471 1393 2523 siue

275 2539 328 2591 siat
345 2556 428 2606 reyes,
446 2539 501 2591 siue
512 2539 659 2606 atinenses,
678 2539 733 2590 siue
744 2539 854 2605 iudices,
873 2541 928 2593 siue
946 2541 1049 2606 milites,
1067 2542 1122 2593 siue
1130 2543 1316 2608 provinciales,
1337 2545 1394 2596 siae

275 2612 377 2677 diuites,
403 2613 459 2666 siue
479 2629 623 2679 pauperes,
647 2611 702 2664 siue
721 2613 804 2676 liberi,
830 2615 885 2668 siue
908 2615 986 2678 saul,
1011 2610 1178 2668 utriuslibetb
1203 2633 1291 2683 seaus,
1314 2618 1393 2669 etiam

269 2686 421 2752 pessimam,
438 2686 462 2738 si
479 2686 519 2737 ita
535 2703 639 2739 neeesse
658 2693 704 2750 est,
716 2686 1002 2754 flaaitiosissinamque
1020 2706 1076 2739 reru
1090 2689 1234 2754 publicam,
1254 2698 1278 2742 et
1295 2690 1325 2742 ia
1343 2691 1394 2743 illa

274 2761 427 2827 aneatorum
451 2761 570 2826 quadam
594 2759 763 2811 sanctissima
786 2767 863 2826 atque
888 2761 1077 2829 auyustusima
1095 2763 1172 2814 euna
1190 2763 1344 2830 caelestique
1363 2781 1393 2816 re

269 2833 388 2898 publiea,
408 2833 454 2884 ubi
465 2833 519 2884 Dei
536 2834 659 2886 uoluntas
678 2833 721 2884 lea
740 2839 785 2897 est,
805 2833 979 2885 clarissimum
997 2835 1048 2886 sibi
1065 2837 1149 2886 laeum
1162 2837 1240 2888 etium
1257 2837 1311 2888 ieta
1330 2839 1367 2890 tol
1382 2867 1392 2876 ·

272 2915 365 2966 τιτηῒι
382 2931 545 2980 camarare.
593 2899 690 2980 Quod
716 2901 785 2986 ipse
815 2911 977 2986 praestare
999 2901 1149 2986 dignetur
1177 2906 1233 2990 qui
1259 2907 1340 2971 vivit
1361 2915 1395 2973 et

272 2992 387 3068 regnat
407 2981 497 3046 Deus
519 3004 578 3068 per
600 2985 708 3048 omnia
730 2984 859 3049 saecula
880 2984 1094 3052 saeculorum!
1127 2989 1242 3054 Amen.

735 3159 869 3227 LIBER
890 3163 935 3228 H.

157 3291 203 3330 ra,
215 3291 235 3338 s,
243 3290 263 3330 1.
361 3261 388 3324 1.
431 3259 541 3326 Nolite
567 3260 685 3348 plures
718 3268 870 3350 usqistei
893 3267 974 3350 fleri
990 3265 1122 3350 fratres
1147 3269 1219 3350 enei,
1247 3271 1392 3350 seientes,

272 3347 432 3492 {quoniam
452 3347 563 3410 maius
578 3348 739 3414 iudiciuae
761 3351 897 3433 sumitis,
921 3352 1003 3415 siout
1021 3349 1099 3415 dicit
1112 3351 1251 3418 Iacobus
1266 3363 1393 3440 aposto·

111 3451 265 3502 uertisset.
284 3449 322 3492 us
354 3451 397 3494 ex
428 3427 574 3494 dooaina
599 3430 721 3496 domini
747 3444 780 3498 et
809 3431 984 3500 Salvatoria
1012 3437 1128 3500 nostri:
1168 3437 1245 3520 Vos,
1277 3439 1311 3502 in
1335 3440 1393 3520 uit,

274 3512 373 3578 nolite
402 3517 516 3578 uocaui
543 3515 647 3596 rabbi,
675 3539 763 3580 uuus
790 3528 836 3582 est
857 3520 943 3585 enine
965 3521 1121 3606 maqister
1142 3533 1253 3586 uester.
1328 3520 1390 3586 nde

274 3597 475 3681 Augustinus
497 3598 532 3662 in
552 3597 633 3664 libro
650 3601 704 3686 qui
719 3602 942 3686 praetitulatur
960 3603 999 3668 de
1014 3605 1190 3690 magistro²
1214 3605 1393 3692 disputans,

275 3700 431 3766 quaerens
453 3691 485 3747 et
506 3683 682 3765 inveniens,
705 3685 894 3770 magistrum
915 3711 979 3753 non
998 3710 1078 3771 esse,
1101 3691 1156 3778 qui
1178 3691 1272 3754 docet
1292 3689 1392 3754 homi·

274 3787 348 3830 nem
371 3765 547 3850 seientiam,
574 3768 636 3831 nisi
657 3768 781 3834 Deum:
814 3785 966 3855 Maytstros,
992 3773 1107 3861 inquit,
1132 3790 1225 3856 plures
1250 3795 1312 3841 tunc
1328 3785 1394 3856 fiai

275 3952 299 4008 a)
314 3955 347 3996 ila
362 3955 433 4008 Aua,
449 3958 551 4000 lectione
568 3960 590 4000 1.
679 3959 703 4012 b)
719 3961 751 4002 ite
766 3953 840 4012 duan·
855 3964 1033 4014 utriusquelibet
1048 3967 1068 4008 1.

277 4111 305 4181 1)
323 4116 488 4181 Augustinus
506 4120 606 4172 ibidem
625 4139 650 4189 p.
668 4123 712 4175 47.
770 4121 799 4190 2)
819 4124 896 4176 Haeo
916 4126 998 4176 verba
1016 4127 1045 4176 in
1063 4131 1121 4178 toto
1140 4127 1188 4178 illo
1209 4126 1243 4178 do
1264 4127 1394 4192 magistro

275 4188 383 4256 dialogo
404 4189 507 4258 (Opera
525 4193 549 4257 I,
568 4211 594 4261 p.
615 4193 681 4263 541)
699 4213 753 4249 non
778 4198 957 4262 inveniuntur,
977 4214 1064 4266 neque
1091 4203 1207 4262 omnino,
1230 4207 1261 4253 nt
1278 4201 1395 4260 videtur,

275 4263 347 4330 apud
365 4264 551 4330 Augustinum.
