3116 4822
617 357 832 410 PRAEFATIO.
1234 365 1293 416 VII

164 527 370 606 demonstret,
392 526 490 589 etiam
504 525 541 588 in
556 524 764 590 monasterio
778 526 824 594 St.
837 529 1035 595 bhmmerami
1050 529 1186 596 alterum
1200 534 1289 598 codi-

163 633 228 674 cem
263 609 344 674 libri
379 610 486 672 nostri
510 608 636 692 fuisse,
668 619 736 674 tam
771 611 853 676 leves
885 623 971 694 sunt,
1004 623 1041 678 ut
1075 637 1125 679 me
1160 617 1295 701 quidem-

165 694 330 758 adducere
363 715 430 757 non
461 694 602 776 possint,
638 703 674 758 ut
706 718 778 758 eum
811 717 941 780 sequar.
984 697 1083 779 Nam,
1116 708 1152 763 ut
1185 709 1292 765 cetera

43 787 46 794 ’
161 778 455 862 missafaciamus,
478 779 536 840 hoc
559 778 688 862 quidem
709 778 761 842 illi
776 781 1015 846 concedendum
1032 791 1088 863 est,
1112 781 1294 870 Georqium

162 863 352 927 Fabricium
374 861 412 924 in
427 859 511 926 libro
527 862 553 926 I.
576 883 687 926 rerum
703 863 924 929 Misnicarum
936 887 973 948 p.
984 868 1036 947 90,
1061 890 1132 932 cum
1147 869 1186 932 dc
1201 869 1289 932 Ben-

164 948 264 1012 nonis
294 947 443 1029 episcopi
465 949 678 1030 paenitentia
707 957 869 1012 auctorem
899 971 1099 1035 anonymum
1134 951 1294 1032 attulerit,

164 1031 233 1116 ‘qui
246 1029 339 1094 illius
354 1031 509 1114 temporis
524 1031 695 1094 historiam
712 1053 775 1122 pro
790 1033 986 1116 imperatore
1001 1037 1181 1118 scripserit,
1197 1059 1291 1119 quern

162 1117 201 1178 in
225 1115 303 1178 aede
325 1115 397 1178 diui
419 1113 607 1178 Hemerami
629 1115 813 1179 Auentinus
835 1117 1048 1198 Ratisbonae,
1074 1120 1111 1182 iu
1133 1119 1291 1184 bleldana

164 1195 355 1262 bibliotheca
387 1197 552 1262 Huttenus
584 1199 763 1279 inverterit,
795 1222 862 1264 rem
894 1202 1003 1284 ipsam
1034 1202 1150 1267 iisdem
1183 1203 1294 1267 verbis

162 1283 322 1368 prosequi
354 1283 471 1366 quibus
505 1281 723 1346 Waltramus1
758 1283 796 1347 de
826 1284 937 1349 eadem
963 1307 999 1348 re
1031 1295 1155 1356 utatur,
1198 1287 1290 1351 Num

164 1388 239 1430 uero
273 1367 350 1430 huic
380 1365 534 1430 Fabricio
562 1369 671 1430 maior
699 1368 742 1430 sit
761 1367 850 1448 fides
873 1368 1035 1449 habenda,
1065 1393 1164 1454 quam
1186 1371 1293 1435 uerbis

164 1451 305 1514 Henrici
320 1449 467 1530 solesze,
491 1451 549 1536 qui
563 1451 654 1530 dicit,
675 1449 829 1516 Flacium
845 1451 1015 1538 Illyricum
1030 1455 1142 1536 ipsum
1164 1475 1295 1541 quoque

165 1532 354 1620 apoloqiam
382 1534 556 1599 Waltrami
583 1533 734 1618 edidisse,
757 1536 892 1600 dubium
914 1546 968 1606 est,
1016 1536 1160 1602 Ceterum
1187 1561 1292 1624 neque

165 1621 351 1683 Auentinus
379 1641 519 1703 usquam
539 1617 721 1702 profitetur,
752 1641 786 1684 se
808 1621 918 1684 codice
939 1619 996 1685 illo
1019 1643 1115 1686 usum
1137 1645 1215 1704 esse,
1237 1646 1292 1687 ne-

165 1726 225 1789 que
247 1702 424 1767 uerisimile
446 1712 502 1784 est,
525 1704 612 1766 hunc
633 1703 774 1767 codicem
796 1705 903 1769 eodem
924 1705 1019 1770 modo
1042 1727 1081 1770 ac
1096 1704 1290 1772 Fuldensem

165 1809 350 1851 evanuisse.

248 1871 371 1934 Eodem
399 1871 540 1951 saeculo,
574 1893 637 1955 quo
665 1871 830 1935 Huttenus
861 1870 981 1936 librum
1016 1883 1162 1938 nostrum
1196 1877 1294 1961 apud

166 1952 365 2039 Schefferum
394 1956 483 2101 tqpis
510 1955 759 2020 cnscribendum
787 1957 927 2037 curauit,
953 1957 1057 2022 edidit
1079 1980 1150 2022 eum
1172 1957 1288 2024 Simon

161 2037 349 2104 Schardius
360 2041 396 2102 in
420 2039 491 2104 ibro
504 2040 543 2102 de
557 2039 798 2122 iurisdictione,
813 2041 1007 2104 auctoritate
1018 2050 1048 2104 et
1057 2045 1286 2125 praeeminen-

162 2125 212 2186 tia
233 2122 403 2208 imperiali
425 2145 463 2186 ac
479 2131 638 2206 potestate
660 2121 892 2205 ecclesiastica,
915 2125 1016 2209 deque
1038 2125 1170 2188 iuribus
1191 2130 1288 2212 requi

161 2215 190 2270 et
211 2209 352 2288 imperii,
374 2205 529 2271 Basileue
553 2207 644 2271 1566.
677 2207 791 2292 Neque
812 2219 920 2272 tamen
944 2209 1023 2272 haec
1046 2209 1145 2274 editio
1167 2212 1286 2275 critica

162 2300 218 2372 est,
241 2291 298 2356 sed
317 2291 556 2376 redinteqratio
571 2291 727 2354 editionis
744 2293 928 2379 principis.
964 2291 1060 2367 Quod
1073 2295 1160 2358 idem
1174 2294 1284 2360 dicen·

163 2375 241 2438 dum
256 2385 302 2440 est
317 2376 356 2440 dc
371 2375 520 2455 editione,
538 2398 636 2459 quam
647 2375 809 2440 Freherus
823 2379 860 2440 in
875 2400 937 2440 sua
952 2376 1135 2442 collectione
1146 2380 1284 2462 scripto-

162 2481 237 2522 rum
265 2480 376 2524 rerum
405 2458 679 2523 Germanicarum
711 2470 847 2524 eneunte
878 2461 1007 2525 saeculo
1041 2462 1163 2527 decimo
1196 2472 1287 2527 sento

163 2545 302 2607 curauit.
346 2542 464 2608 Struoe
487 2546 524 2606 in
542 2541 758 2627 praefatione
779 2543 979 2610 collectionis
999 2546 1135 2610 metere·
1152 2570 1188 2631 p.
1211 2547 1284 2611 242.

164 2626 260 2692 dicit:
298 2627 439 2692 ‘Rr'mus
474 2628 581 2713 iqitur
615 2627 674 2690 hoc
707 2631 866 2712 scriptum
904 2630 1070 2715 eoulqaoit
1109 2630 1286 2696 Udalricus

163 2711 204 2774 ab
233 2712 357 2775 Hutteu
389 2733 429 2776 en
462 2711 572 2776 codice
598 2709 806 2775 bibliothecae
835 2713 1020 2792 Fuldensis,
1047 2714 1206 2796 praefluo
1241 2716 1286 2780 ad

162 2795 415 2860 Fordinandum
452 2795 610 2859 Austriae
654 2796 861 2861 archiducem
900 2796 1123 2881 praefatione.
1186 2799 1286 2864 Hunc

163 2889 292 2942 secutus
303 2879 380 2964 fuit
401 2888 509 2944 noster
530 2880 703 2960 Fheherus,
727 2883 844 2966 quiin
866 2883 1021 2946 sectiones
1049 2883 1179 2966 quidem
1200 2881 1287 2946 illud

163 2963 329 3044 distinavit,
351 2985 486 3027 numero
507 2973 615 3028 tomen
643 2988 710 3029 uon
733 2966 870 3046 adiecto,
892 2966 929 3029 id
951 2967 1039 3048 quod
1060 2967 1187 3030 demum
1199 2965 1288 3050 fecit

165 3045 354 3129 Goldastus,
378 3071 470 3132 quem
491 3049 569 3111 inde
581 3049 717 3132 fuimus
738 3051 849 3112 secuti.
882 3050 996 3134 Ipsum
1020 3058 1127 3113 autem
1144 3049 1285 3114 Waltra·

162 3153 249 3195 mum
274 3153 357 3215 opus
379 3155 475 3195 suum
496 3133 533 3195 in
549 3131 699 3217 capitula
714 3134 916 3214 distinxisse,
939 3133 1092 3198 docemur
1113 3134 1150 3196 in
1172 3133 1226 3198 lib.
1238 3135 1286 3216 II,

163 3238 204 3280 ca
231 3264 238 3279 .
261 3216 290 3295 6,
314 3216 371 3280 ubi
391 3217 521 3280 scribit:
544 3217 635 3280 iuxta
657 3215 744 3302 quod
766 3217 800 3280 in
822 3216 964 3281 secundo
986 3216 1080 3280 huius
1101 3215 1175 3280 libri
1199 3219 1286 3303 capi·

161 3237 227 3362 trip
251 3299 452 3364 dictumest.
485 3300 540 3364 An
562 3323 637 3365 vero
660 3302 827 3382 sectiones,
850 3323 935 3384 quas
957 3299 1029 3366 cum
1053 3300 1210 3365 Goldasto
1233 3325 1285 3366 ea·

163 3383 317 3465 bibemus,
344 3386 409 3448 sint
437 3387 614 3470 qenuinae,
644 3385 717 3449 licet
747 3387 878 3450 omnino
901 3386 1062 3449 dubitare'
1085 3394 1141 3449 etc.
1185 3386 1285 3450 Hunc

161 3467 339 3532 Freherum
353 3469 461 3554 iqitur
475 3479 604 3533 secutus
619 3479 665 3534 est
681 3469 840 3534 Melchior
856 3467 1033 3534 Goldastus
1055 3471 1092 3533 in
1108 3469 1285 3556 Apoloqiis

158 3573 225 3635 pro
254 3553 451 3636 imperatore
474 3553 618 3618 Hearico
641 3553 700 3636 IV,
729 3555 904 3618 Honorino
928 3553 1020 3616 1611.
1068 3551 1147 3618 Cum
1177 3563 1285 3620 autem

163 3637 256 3720 apud
272 3635 474 3700 Schardium
487 3636 573 3719 finis
595 3637 683 3701 tituli
704 3638 756 3702 hic
779 3645 874 3701 esset:
897 3635 1093 3702 ‘Cuiusdam
1116 3639 1187 3702 eius
1208 3648 1283 3703 tem-

156 3722 253 3804 poris
272 3721 421 3806 theoloqi,
441 3743 533 3804 quem
550 3723 687 3804 quidam
703 3721 849 3786 Venerici
862 3719 1069 3786 Vercellensis
1084 3743 1150 3786 esse
1172 3725 1284 3788 emisti-

160 3807 272 3886 mant’,
293 3804 480 3884 Goldastus,
492 3813 668 3889 postquam
684 3807 906 3889 quaestionem
921 3805 961 3870 de
977 3814 1108 3869 auctore
1123 3813 1191 3871 eius
1206 3805 1286 3871 libri

161 3891 243 3953 satis
277 3898 430 3953 accurate
456 3888 678 3973 perlustrasse
711 3891 775 3954 sibi
806 3891 898 3953 uisus
925 3899 981 3970 est,
1005 3891 1149 3975 perinde
1182 3913 1222 3955 ac
1254 3893 1285 3956 si

162 3975 273 4037 omnia
300 3973 475 4058 euplorata
498 3983 648 4059 certaque
676 3976 754 4056 sint,
779 3974 913 4038 scribit:
939 3974 1228 4040 ‘Reuerendissimi
1255 3985 1284 4038 et

160 4055 378 4122 illustrissimi
407 4058 582 4142 principis
618 4057 798 4122 Woltrami
836 4059 984 4144 episcopi
1020 4057 1283 4142 Numburqensis

162 4247 189 4311 1)
209 4247 306 4299 Waltr.
326 4247 366 4308 11,
380 4247 424 4300 25.
507 4248 534 4312 1)
562 4247 776 4298 Commentarius
803 4249 861 4299 orit.
882 4248 915 4298 de
935 4249 1043 4314 scriptis
1064 4255 1090 4298 et
1108 4247 1283 4314 scriptoribus

160 4321 253 4374 histor.
283 4321 399 4387 Ingolst.
422 4321 503 4374 1761.
531 4339 557 4388 p.
578 4321 640 4372 540.
