3116 4822
327 395 380 444 DE
398 393 557 445 UNITATE
576 393 780 446 ECOLESIAE
802 395 1076 448 CONSERVANDA.
1231 396 1265 447 ts

145 566 215 630 saei
229 564 350 662 quippe
365 562 615 647 interpretantur
630 562 735 644 divisi,
751 561 860 649 quales
875 563 954 628 dicit
967 563 1130 649 apostolus
1145 563 1265 630 habere

145 647 251 714 zelum
259 648 333 730 De1,
345 645 476 711 sednon
488 645 665 711 secundum
677 647 858 729 scientiam3
875 649 1040 732 quoniam:
1058 651 1263 736 Iyoorootes,
1274 667 1425 719 nonnose.

145 734 261 820 inquit,
282 733 349 797 Dei
374 733 538 797 iustitiam
567 741 596 796 et
617 754 712 796 suam
735 741 924 817 quaerentes
946 741 1094 815 statuere,
1116 735 1264 798 iudaice

145 819 214 882 Dei
240 840 307 882 noo
337 826 414 880 sunt
436 816 580 880 subiecti.
625 815 721 896 Quod
742 816 771 880 si
791 814 896 880 zelum
918 837 1064 880 amarum
1085 817 1210 883 habetis
1233 828 1265 882 et

144 901 368 967 contentiones
391 901 425 962 in
447 898 599 964 cordibus
620 901 745 982 vestris,
766 899 864 966 nolite
886 899 1016 985 gloriari
1039 911 1072 965 et
1092 901 1264 966 mendaces

143 1009 218 1052 esse
240 984 395 1050 adversus
417 985 596 1048 veritatem.
633 984 720 1048 Ecce
742 985 828 1048 enim
849 984 1026 1049 adversarii
1040 985 1265 1072 Redemptoris

144 1071 249 1136 nostri
279 1063 565 1150 calumniabantur,
592 1089 666 1133 eum
689 1091 758 1133 esse
780 1067 990 1153 seductorem,
1012 1070 1104 1133 iuxta
1126 1069 1212 1156 quod
1234 1079 1266 1135 et

146 1155 250 1220 nostri
276 1153 430 1240 temporis
458 1151 582 1218 scribae
615 1162 647 1218 et
674 1153 840 1217 Pharisaei
871 1153 1035 1239 appellant
1068 1153 1265 1219 Clementem

171 1259 267 1325 apem
283 1237 552 1319 calumniatorem,
576 1237 652 1324 quia
667 1239 792 1324 quaerit
813 1235 948 1302 salutem
969 1238 1121 1320 omnium,
1143 1237 1265 1320 dolens,

146 1261 218 1388 deri
238 1324 272 1388 in
293 1321 405 1386 Italico
426 1321 547 1408 pariter
568 1332 601 1386 et
615 1321 816 1386 Theutonico
838 1343 939 1408 regno
961 1343 1004 1386 ex
1025 1323 1265 1408 praedicatione

147 1407 390 1472 adversantium
419 1406 645 1492 episcoporum
677 1408 807 1492 rapinas
841 1417 873 1472 et
900 1405 1050 1471 incendia
1081 1415 1178 1492 atque
1211 1406 1265 1472 de-

145 1492 337 1558 structiones
365 1489 584 1572 ecclesiarum,
614 1493 753 1576 gemitus
781 1501 813 1556 et
833 1492 973 1578 suspiria
995 1489 1211 1576 orphanorum
1232 1501 1265 1556 et

144 1575 326 1641 viduarum.
359 1576 415 1640 Eo>
429 1576 488 1639 boo
502 1577 598 1656 enim,
613 1575 717 1662 inquit
731 1573 897 1661 apostolus
912 1575 1082 1659 Iohannes,
1098 1579 1262 1662 coquosci-
1274 1600 1414 1654 1.10h.4,e.

145 1683 219 1726 mus
240 1663 396 1746 spiritam
425 1661 573 1724 veritatis
595 1669 624 1723 et
645 1661 799 1744 spiritum
820 1663 955 1742 erroris,
978 1663 1068 1747 quio,
1092 1663 1150 1747 qui
1170 1661 1264 1725 cudit

146 1767 217 1827 nos,
239 1747 395 1830 spiritum
417 1743 508 1808 babet
529 1745 686 1824 veritatis,
709 1754 737 1808 et
752 1746 810 1828 qui
824 1767 883 1808 nos
899 1767 966 1810 ooo
982 1745 1088 1826 erodit,
1110 1747 1264 1830 spiritum

147 1830 241 1894 babet
262 1831 395 1894 erroris.
428 1827 614 1909 Videamus,
637 1826 716 1914 quid
730 1829 908 1892 moniturus
931 1837 988 1910 est,
1011 1830 1044 1891 in
1068 1850 1132 1914 quo
1154 1829 1265 1894 audire

145 1913 236 1978 illum
269 1913 461 1978 debeamus:
497 1912 721 1992 Dilectissimi,
757 1913 872 1998 inquit,
905 1912 1085 1998 diliyamus
1116 1915 1263 1978 invicem.
1274 1943 1295 1984 1.
1304 1941 1385 1996 nnn,
1394 1943 1414 1986 u

147 1997 221 2062 Hoc
256 1997 352 2063 docet
382 1997 556 2082 praecipue
589 2004 621 2060 et
652 1995 713 2060 hoc
745 1997 863 2082 ipsum·
881 2007 990 2061 monet
1017 1995 1157 2079 assidue,
1188 1997 1265 2083 quia

146 2081 277 2147 dilectio
300 2103 343 2146 ex
356 2081 429 2145 Deo
452 2089 510 2145 est.
542 2081 586 2144 Et
607 2081 680 2146 ideo
703 2083 762 2165 qni
782 2084 874 2146 novit
894 2081 1009 2162 Deum,
1031 2081 1145 2166 inquit,
1170 2083 1265 2146 cudit
1276 2105 1295 2146 ι.
1304 2103 1353 2144 Iob.
1362 2106 1385 2155 4,
1396 2105 1418 2146 s.

148 2190 220 2249 nos,
243 2168 302 2253 qui
323 2175 430 2230 autem
451 2188 519 2229 aon
541 2177 588 2230 est
609 2187 649 2229 eoo
671 2166 751 2245 Deo,
781 2187 848 2230 ooo
872 2166 966 2229 cadit
988 2188 1056 2229 nos.
1101 2163 1167 2230 Sed
1188 2187 1265 2230 vera

147 2260 391 2316 commoverunt
404 2247 572 2335 populum,
595 2249 650 2336 qui
664 2248 851 2313 recedentes
872 2249 913 2314 ab
933 2249 1054 2314 unitate
1077 2248 1266 2332 dilectionis,

148 2357 213 2422 qua
240 2335 393 2400 iubemur
419 2355 478 2398 nos
507 2333 645 2398 invicem
668 2332 810 2418 diligere,
839 2332 1017 2398 diviserunt
1036 2331 1090 2398 vel
1111 2331 1266 2399 ecclesiae

148 2419 201 2484 vel
229 2421 275 2484 rei
296 2417 446 2505 publicae
473 2416 639 2504 populum,
668 2427 703 2482 ut
732 2419 774 2482 sit
800 2417 939 2504 populus
966 2427 1077 2482 contra
1098 2417 1265 2504 populum.

147 2503 234 2568 Nam
248 2505 301 2568 isti
315 2505 407 2568 iuxta
421 2502 619 2567 dominicum
635 2503 754 2586 pariter
775 2514 807 2567 et
823 2500 1034 2587 apostolicum
1056 2514 1265 2603 praeceptum

149 2587 286 2653 subiecti
314 2598 389 2652 sunt
415 2586 558 2671 legitimo
585 2586 655 2670 regi
677 2586 850 2668 Henrieho,
879 2595 990 2670 utpote
1017 2587 1081 2650 Dei
1109 2589 1265 2670 ministro,

149 2693 248 2758 quem
270 2671 348 2736 dicit
368 2669 533 2758 apostolus
555 2690 619 2733 non
641 2670 710 2735 sine
732 2692 829 2734 causa
851 2680 979 2755 portare
1000 2669 1155 2755 gladium,
1183 2670 1411 2744 scili-aoniae.

148 2765 203 2822 cet
222 2756 264 2821 ad
284 2755 461 2821 vindictam
483 2755 666 2840 impiorum.
708 2753 761 2818 Illi
789 2763 895 2818 autem
922 2762 1033 2817 eontra
1053 2753 1117 2818 Dei
1140 2755 1265 2819 ordina-

147 2842 269 2907 tionem
299 2841 531 2906 constituerunt
560 2860 657 2925 super
688 2859 722 2902 se
749 2839 782 2902 in
811 2859 921 2922 regem
948 2836 1180 2920 adversarium,
1211 2841 1266 2926 qui

149 2927 211 2992 sub
237 2947 272 2990 re
296 2947 314 2990 e
335 2923 499 2990 Henricho
529 2932 597 2988 erat
618 2923 687 2987 dux
710 2921 904 3004 Suevorum3
928 2922 1014 3008 quod
1037 2931 1123 2988 certe
1144 2922 1266 2988 factum

149 3020 198 3076 est
218 3010 253 3074 in
267 2947 487 3075 defensionem
501 3006 753 3089 malefactorum,
776 3007 927 3093 quoniam
946 3007 975 3072 le
1000 3029 1033 3071 es
1049 3007 1142 3073 silere
1165 3006 1267 3073 solent

149 3117 210 3182 per
245 3103 374 3180 tempus
405 3091 561 3159 bellorum
571 3106 593 3157 ¹.
646 3091 734 3176 Ergo
764 3093 879 3157 Petrus
911 3029 1055 3157 nondum
1083 3090 1266 3180 intelligens

150 3201 234 3265 quae
266 3178 330 3243 Dei
363 3188 446 3259 sunt,
475 3185 582 3262 portat
610 3173 763 3262 gladium,
792 3178 847 3262 qui
876 3174 961 3241 ultor
989 3176 1169 3242 dominicae
1198 3178 1266 3242 irae

148 3264 274 3348 positus
296 3263 400 3328 estin
422 3284 496 3327 eum
518 3261 574 3348 qui
595 3259 678 3325 male
700 3271 860 3346 operatur.
905 3260 986 3326 Sed:
1010 3261 1163 3328 Converte
1184 3285 1265 3344 eum,

148 3351 184 3412 in
208 3348 265 3429 uit,
286 3349 324 3412 ia
339 3346 445 3412 locum
459 3368 564 3427 suam,
587 3347 753 3431 quoniam,
776 3348 806 3410 si
827 3367 986 3430 roqovero
1001 3345 1131 3410 Patrem
1151 3343 1356 3446 meumgffl·

150 3371 310 3498 collibebat
330 3432 413 3495 mibi
426 3431 519 3495 modo
541 3433 579 3494 ia
595 3428 760 3495 otacilium
805 3429 858 3494 lus
880 3451 976 3514 quom
1000 3429 1039 3492 12
1056 3430 1151 3494 milia
1166 3451 1211 3493 aa
1236 3452 1264 3493 e·
1305 3431 1312 3455 '
1352 3433 1357 3444 ’

150 3517 267 3583 loram.
315 3516 430 3580 Omnis
460 3517 555 3594 caim,
589 3514 643 3596 ait,
677 3517 735 3600 qui
762 3452 913 3600 gladium
947 3515 1116 3598 occeperit,
1149 3451 1398 3600 qladioffltth·²⁶‚

68 3623 73 3633 ’
147 3601 280 3686 peribit,
308 3597 463 3664 vatillo·
490 3597 608 3683 gladic,
641 3619 737 3684 quem
770 3597 848 3662 dicit
882 3596 1041 3662 Dominus
1073 3598 1266 3663 inebriatum
1276 3575 1390 3688 ,2⁶32ss

148 3707 221 3750 esse
242 3682 391 3765 incaelo,
413 3691 532 3770 quanto
554 3681 658 3768 magis
679 3683 713 3746 in
734 3691 828 3763 terra,
850 3679 903 3745 vel
918 3679 1025 3830 {ladio
1047 3683 1188 3768 spiritus,
1211 3683 1267 3768 qui

148 3770 184 3832 in
204 3769 269 3834 Dei
295 3766 449 3833 scribitur
476 3777 647 3849 armatura,
677 3788 772 3853 quem
800 3767 898 3832 etiam
941 3765 1016 3832 abet
1037 3767 1173 3831 ecclesia
1194 3765 1268 3850 Dei,

149 3852 236 3917 unde
265 3862 297 3917 et
322 3851 523 3918 debellantur
552 3851 621 3916 eius
648 3851 782 3932 inimici,
804 3849 982 3938 eodemque
1004 3849 1111 3937 gladio
1135 3873 1150 3915 s
1174 3851 1267 3915 iritus

149 3937 392 4024 praecipiuntur
413 3935 471 4000 filii
493 3933 645 4000 ecclesiae
667 3958 725 4021 per
746 3937 983 4023 suprascriptos
1005 3945 1124 4022 patres,
1182 3956 1269 3999 ama-

151 4043 224 4086 sum
245 4020 369 4087 scilieet
389 4030 487 4108 atque
503 4019 642 4084 Leonem
665 4029 696 4084 et
712 4018 916 4106 Gregorium,
938 4021 1036 4086 totius
1052 4020 1168 4084 erroris
1183 4017 1268 4084 falsi·

151 4212 175 4264 a)
192 4213 245 4256 ideo
265 4215 284 4266 t,
299 4213 378 4255 mend.
394 4213 483 4254 Frater.

153 4375 180 4436 1)
202 4373 299 4426 Cicero
318 4390 366 4441 pro
385 4373 486 4425 Milone
506 4374 533 4438 4,
556 4374 598 4425 10.
