3114 4814
447 369 567 420 BRUNO
585 369 636 418 DE
654 369 774 421 BELLO
794 369 983 422 SAXONICO.
1259 376 1275 425 9

153 557 253 621 posse
274 545 465 618 monstrare,
488 539 519 600 ei
540 537 600 601 hoc
621 536 774 622 effeceris,
796 547 833 601 ut
853 540 913 602 iste
927 561 1016 603 meas
1031 541 1292 607 nuntioram.

159 643 258 706 quarn
270 621 309 682 in
323 642 428 684 meum
442 643 581 706 regnam
589 623 700 706 possit
713 643 857 686 remeare
864 645 876 704 ,·
899 623 986 708 qnod
1001 631 1131 688 11111111ει
1147 635 1276 690 aeterno

159 726 289 768 carcere
309 703 359 767 nel
375 706 490 787 potins
512 705 638 788 efficias
653 715 763 787 mone,
785 706 888 770 nichil
896 715 985 790 pata
1000 705 1141 792 differre.
1178 708 1275 773 Litte

157 788 202 852 ris
229 787 338 873 itaque
366 790 564 874 consumptis
593 789 674 872 igni,
707 789 777 874 ipse
803 787 917 853 laetus.
932 791 993 855 iter
1020 812 1114 854 suum
1165 793 1275 877 eregit,

156 869 349 956 legationem
374 871 549 956 prudenter
574 871 731 958 implevit,
758 893 823 936 non
851 894 951 958 parvo
980 895 1111 938 munere
1140 813 1275 940 donatus

156 955 261 1036 rediit,
283 954 413 1019 domino
435 977 493 1020 suo
515 957 585 1041 regi
605 954 726 1040 regalia
747 955 832 1020 dona
852 958 1002 1042 portavit.

243 1040 292 1102 14.
335 1039 388 1104 De
439 1039 558 1104 nodam
584 1041 696 1105 intimo
724 1040 826 1125 ipsius
848 1040 1039 1121 consiliario,
1068 1041 1160 1106 cuius
1181 1064 1275 1107 voca

155 1119 268 1186 bulum
298 1123 382 1187 sicut
442 1125 545 1188 'orum
565 1123 739 1188 multorum
760 1133 875 1210 sponte
896 1133 1071 1210 praetereo,
1099 1148 1168 1190 rem
1190 1148 1275 1191 com-

156 1207 236 1291 peri,
259 1227 357 1291 quam
378 1205 500 1272 idcirco
521 1207 576 1272 hic
595 1207 717 1293 placuit
736 1207 844 1290 inseri,
873 1209 950 1294 quia
970 1208 1034 1273 duo
1055 1229 1121 1272 non
1142 1211 1274 1274 minima

157 1291 299 1355 continet
325 1291 359 1354 in
388 1313 422 1356 se
447 1293 533 1377 regis
560 1292 649 1374 vitia,
679 1313 761 1378 quae
783 1301 858 1356 sunt
879 1291 1029 1357 videlicet
1050 1291 1220 1358 crudelitas
1242 1303 1275 1359 et

156 1371 293 1438 luxuria.
329 1375 394 1438 Hic
417 1396 491 1439 cum
511 1396 576 1440 non
598 1385 682 1440 esset
703 1385 791 1440 ortus
812 1398 833 1439 a
848 1375 999 1458 Saxonia,
1023 1375 1117 1440 duxit
1137 1399 1275 1441 uxorem

155 1467 265 1522 natam
294 1457 334 1522 de
357 1458 510 1543 Saxonia,
541 1461 703 1546 virginem
728 1469 795 1525 tam
824 1459 998 1524 formosam
1020 1482 1154 1546 corpore
1176 1483 1274 1546 quam

156 1549 189 1606 et
215 1540 357 1607 nobilem
384 1565 513 1628 genere.
562 1545 634 1608 Rex
663 1545 735 1630 ipse
764 1565 835 1608 eam
866 1542 913 1607 illi
941 1566 961 1608 a
1014 1545 1177 1610 arentibus
1205 1546 1273 1608 eius

155 1623 354 1711 impetravit,
382 1649 442 1691 rex
470 1630 541 1774 ipse
567 1628 689 1714 nuptiis
717 1627 874 1708 interfuit,
903 1627 961 1692 sed
987 1567 1138 1710 dubium,
1167 1637 1273 1692 utrum

154 1711 258 1794 magis
279 1731 338 1795 pro
360 1713 470 1796 sponsi
513 1732 611 1776 onore
631 1710 702 1776 velb
724 1732 783 1810 pro
805 1733 914 1775 amore
936 1733 1082 1796 sponsae.
1121 1711 1274 1776 Nondum

154 1791 209 1856 illa
230 1793 460 1880 desponsataec
475 1793 641 1880 virginalis
655 1794 831 1881 pudrcitiae
846 1794 1002 1880 pudorem
1017 1795 1176 1880 deposuit,
1198 1817 1273 1859 cum

153 1898 214 1940 rex
243 1879 330 1942 omni
358 1879 482 1964 pudore
512 1879 674 1964 deposito,
701 1887 738 1942 ut
766 1899 837 1942 eam
866 1876 928 1941 sibi
958 1877 1000 1942 ad
1029 1877 1149 1944 lectum
1179 1901 1273 1942 suum

154 1961 302 2043 mitteret,
325 1962 432 2048 ipsum
454 1985 607 2048 sponsum
625 1963 748 2048 petivit.
785 1961 881 2026 ‘Cum
895 1983 955 2026 nec
968 1961 1067 2025 ullam
1081 1965 1169 2043 rem',
1191 1961 1274 2026 dixit

152 2043 216 2128 ille,
239 2051 310 2110 ‘nec
330 2047 435 2132 ipsam
455 2049 557 2112 vitam
574 2047 667 2111 vobis
682 2067 825 2132 unquam
845 2044 941 2110 velim
960 2066 1088 2130 negare,
1110 2045 1191 2110 haec
1206 2045 1274 2110 sola

152 2150 205 2193 res
231 2140 289 2211 est,
318 2151 415 2215 quam
441 2152 502 2196 nec
527 2153 585 2195 vos
613 2131 705 2195 decet
731 2151 751 2192 a
776 2151 828 2194 me
855 2137 973 2214 petere,
1002 2151 1062 2193 nec
1089 2151 1149 2214 ego
1179 2127 1273 2194 vobis

152 2234 287 2312 possum
302 2213 496 2279 concedere'.
532 2215 604 2280 Rex
618 2235 756 2299 magnus
771 2211 996 2296 dissimulator,
1019 2211 1160 2277 dolorem
1199 2235 1273 2277 nem

152 2320 184 2360 m
209 2298 306 2362 corde
320 2319 474 2384 magnum
488 2297 610 2380 habuit,
630 2320 692 2362 nec
706 2296 798 2362 vultu
812 2319 873 2362 nec
887 2297 996 2361 verbis
1012 2297 1158 2362 ostendit.
1223 2306 1273 2362 ost

152 2402 218 2444 non
244 2379 361 2445 multos
388 2391 496 2446 autem
526 2381 611 2464 dies,
641 2403 716 2446 cum
743 2379 799 2444 ille¹
822 2382 888 2443 iam
916 2403 1049 2446 securus
1081 2379 1181 2444 nichil
1209 2381 1273 2446 sibi

152 2466 289 2546 timeret,
316 2487 376 2529 rex
401 2465 467 2530 fere
488 2465 596 2529 media
615 2475 709 2529 nocte
731 2465 819 2529 misit
839 2465 882 2528 ad
904 2487 987 2545 eum,
1014 2465 1215 2551 praecipiens
1238 2474 1273 2530 ut

153 2547 238 2612 solus
259 2548 301 2612 ad
323 2571 357 2612 se
378 2549 511 2613 veniret.
547 2547 605 2612 Ille
627 2549 884 2634 quamvis'more
905 2549 991 2632 regis
1013 2549 1142 2632 cognito
1166 2559 1272 2613 certus

152 2640 244 2713 esset,
272 2633 359 2717 quod
385 2633 420 2695 in
447 2633 520 2717 ipsa
548 2641 642 2698 nocte
668 2633 751 2696 mori
772 2631 945 2712 debuisset,
966 2641 1074 2696 tamen
1097 2654 1161 2717 quo
1183 2632 1272 2696 iube-

151 2715 246 2781 batur
266 2716 339 2798 ivit3
363 2715 420 2780 sed
441 2717 532 2801 prius
554 2716 687 2780 loricam
700 2713 860 2800 triplicem
875 2714 986 2778 subtus
1001 2716 1143 2778 tunicam
1157 2715 1271 2780 induit.

152 2797 299 2886 Cumque
321 2799 362 2863 ad
383 2798 578 2864 vestibulum
600 2798 714 2865 cubilis
735 2821 770 2863 re
795 2799 817 2862 ‘i
829 2799 979 2878 venisset,
1002 2820 1078 2863 ecce
1093 2799 1159 2862 duo
1173 2797 1272 2884 gladii

151 2882 193 2946 ad
215 2884 278 2948 duo
300 2882 401 2948 latera
422 2885 491 2948 eius
513 2883 631 2966 *affixi
652 2884 687 2946 in
708 2905 759 2948 me
784 2883 822 2946 ”s
844 2883 913 2948 eius
934 2880 1112 2947 visceribus
1135 2883 1195 2948 sibi
1217 2883 1382 2958 oti-*tac

150 2968 283 3049 viarent,
306 2968 368 3032 nisi
390 2989 445 3050 eos
466 2967 605 3033 thoracis
626 2967 780 3032 fortitudo
802 2965 979 3052 repulisset.
1021 2965 1079 3030 Ille
1099 2976 1208 3032 tamen
1229 2965 1272 3030 ad

150 3073 259 3136 regem
285 3053 447 3136 pervenit,
481 3053 571 3120 etei
601 3050 737 3138 qualiter
765 3059 839 3115 ante
868 3049 972 3116 cubile
1003 3051 1072 3114 eius
1102 3059 1271 3136 susceptus

151 3143 236 3199 esset
262 3135 427 3199 indicavit.
471 3133 534 3200 Cui
563 3159 622 3200 rex
651 3135 832 3221 praecepit,
860 3143 896 3198 ut
921 3135 950 3198 si
978 3134 1130 3220 deinceps
1161 3136 1269 3199 vivere

149 3216 256 3296 vellet,
278 3217 340 3282 hoc
361 3217 402 3281 ab
425 3240 463 3282 eo
484 3217 590 3282 nullus
612 3241 754 3304 unquam
777 3220 882 3282 sciret.

237 3302 286 3365 15.
331 3300 491 3366 Omnibus
512 3301 562 3365 his
584 3302 676 3366 malis
698 3302 759 3366 hoc
780 3299 899 3364 malum
922 3299 1153 3385 superaddidit,
1183 3301 1271 3385 quod

152 3384 266 3448 ceteris
288 3384 436 3449 omnibus
458 3384 560 3466 malis,
583 3394 615 3448 et
629 3386 769 3470 antiquis
783 3385 1020 3448 firmamentum
1035 3405 1100 3468 quo
1115 3385 1270 3467 vigerent,

151 3477 183 3532 et
203 3468 297 3530 novis
319 3488 383 3552 quo
405 3476 573 3553 surgerent
600 3470 727 3532 initium
756 3466 854 3531 dedit.
896 3466 1017 3552 Episco
1041 3488 1077 3530 os
1099 3467 1184 3530 enim
1205 3490 1271 3532 non

150 3572 210 3637 pro
233 3550 385 3636 qualitate
412 3553 599 3616 meritorum
626 3551 801 3616 secundum
823 3571 982 3614 canonum
1027 3560 1133 3614 ecreta
1154 3553 1270 3616 consti·

150 3636 221 3717 tuit,
249 3635 306 3698 sed
333 3635 360 3698 si
388 3636 459 3720 quis
486 3635 641 3700 maiorem
667 3635 837 3722 pecuniam
865 3633 962 3715 dedit,
992 3632 1043 3698 vel
1071 3635 1081 3696 i
1108 3657 1142 3699 se
1167 3636 1270 3700 maior

151 3720 219 3784 eius
241 3717 437 3804 flagitiorum
458 3717 605 3784 adulator
626 3719 742 3801 extitit,
763 3718 816 3782 hic
838 3717 966 3802 dignior
1010 3657 1132 3782 uolidbt
1149 3720 1270 3804 episco-

151 3811 230 3888 patu
254 3802 324 3866 fuit.
367 3801 514 3890 Cumque
542 3802 639 3868 alicui
666 3805 713 3868 sic
741 3804 964 3900 episcopatum
987 3739 1150 3884 dedisset,
1181 3805 1208 3866 si
1237 3805 1268 3867 ei

152 3885 232 3950 alius
264 3886 336 3972 plus
368 3886 460 3952 daret
498 3886 550 3952 vel
580 3889 649 3952 eius
684 3909 790 3972 magrs
820 3885 964 3950 facinora
994 3883 1149 3966 laudaret,
1180 3887 1269 3950 illum

152 3972 291 4056 priorem
313 3971 406 4057 quasi
428 3971 650 4057 symoniacum
670 3971 747 4036 feeit
768 3969 894 4055 deponi,
921 3977 952 4033 et
972 3969 1070 4032 istum
1092 3970 1270 4033 secundum

153 4056 245 4140 quasi
273 4065 419 4119 sanctum
446 4057 481 4118 in
503 4055 616 4120 eodem
636 4054 708 4119 loco
730 4054 919 4118 consecrari.
962 4051 1058 4116 Unde
1080 4054 1214 4137 contigit
1234 4065 1270 4118 ut

152 4138 270 4202 multae
303 4139 447 4202 civitates
481 4140 515 4202 in
542 4139 605 4202 illis
632 4137 831 4236 temporibus
858 4137 939 4200 duos
971 4136 1141 4220 episcopos
1175 4136 1270 4200 simul

152 4221 322 4303 haberent,
356 4244 492 4307 quorum
521 4234 634 4288 neuter
662 4222 806 4306 ep1scopi
837 4217 995 4286 vocabulo
1028 4219 1143 4305 dignus
1177 4230 1269 4285 esset.

151 4381 175 4435 a)
191 4384 222 4425 ito
237 4385 268 4425 ed.
286 4391 305 4425 ct
321 4385 346 4434 ξς
360 4368 375 4434 d
389 4382 430 4425 1ῐό
446 4387 467 4426 1.
527 4384 551 4437 b)
568 4397 598 4426 an
615 4381 649 4426 lb.
710 4385 731 4438 c)
747 4385 865 4435 despostte
881 4387 902 4424 1.
