3098 4818
312 356 347 405 36
612 354 735 406 BRUNO
754 355 805 404 DE
825 354 947 406 BELLO
968 353 1161 405 sexomco.

235 531 300 573 ¹⁰⁷⁵·
395 523 446 586 54.
489 521 616 586 Interea
642 542 702 584 rex
728 529 831 584 totum
858 521 1035 586 exercitum
1062 522 1178 586 iterum
1207 519 1437 606 congregabat,

256 590 300 631 ω’
313 617 347 671 ut
377 605 512 671 Octobri
542 627 651 669 mense
682 604 858 668 Saxoniam
886 608 1050 690 ingressus
1082 606 1206 690 fruges,
1242 627 1321 690 quas
1350 605 1435 670 Iulio

312 711 422 756 mense
443 688 559 754 multas
581 690 614 752 in
636 691 724 773 agris
745 689 885 770 viderat,
915 699 972 752 aut
998 689 1116 754 utendo
1139 701 1195 753 aut
1216 688 1435 752 comburendo

312 782 514 838 consumeret
535 795 577 858 po
603 772 754 858 ulumque
778 783 885 838 totum
906 771 957 836 vel
978 771 1128 837 rebellem
1150 771 1258 856 gladio
1279 771 1436 836 devoran-

312 859 390 922 dum
411 857 511 937 daret,
535 795 753 921 velhumilem
768 867 957 942 perpetuae¹¹
972 857 1117 920 servituti
1132 856 1300 922 subiceret.
1329 855 1436 920 Econ-

311 953 363 1007 tra
385 941 531 1006 Saxones
553 961 671 1026 magno
693 941 758 1004 iam
779 940 922 1026 periculo
948 941 1025 1004 faeti
1054 940 1243 1026 prudentes,
1272 961 1346 1003 cum
1368 962 1435 1004 non

312 1027 435 1090 minore
456 1033 613 1090 venerunt
635 1025 787 1105 exercitu,
809 1026 874 1088 iam
895 1046 960 1088 non
983 1025 1065 1089 sieut
1086 1035 1180 1088 antea
1194 1024 1325 1108 fiigaces
1343 1034 1436 1110 terga

312 1110 434 1190 daturi,
464 1109 520 1173 sed
542 1109 667 1172 fortiter
688 1131 746 1192 pro
769 1129 828 1172 sua
849 1107 997 1173 libertate
1019 1108 1210 1194 pugnaturi,
1239 1110 1285 1172 ita
1306 1117 1342 1171 ut
1363 1130 1436 1172 eam

312 1192 363 1258 vel
377 1194 442 1266 Dei
456 1191 577 1258 auxilio
598 1192 733 1256 firmiter
754 1193 936 1272 retinerent,
957 1191 1010 1257 vel
1026 1214 1100 1254 curn
1115 1194 1183 1256 vita
1202 1190 1297 1255 simul
1312 1193 1436 1256 amitte·

312 1287 393 1342 rent.
426 1277 515 1362 Ergo
537 1273 632 1340 ambo
655 1277 815 1340 exereitus
837 1277 871 1340 in
892 1276 962 1340 loco
986 1277 1041 1362 qui
1062 1276 1179 1339 dieitur
1193 1275 1334 1340 Everha¹
1362 1298 1436 1339 eon-

313 1369 481 1440 venerunt,
503 1368 535 1422 et
555 1381 575 1422 a
596 1381 631 1424 se
653 1381 717 1423 non
738 1359 809 1424 loco
832 1360 888 1425 sed
902 1362 1009 1424 animo
1031 1359 1126 1444 longe
1141 1359 1280 1423 fuerunt.
1312 1359 1437 1424 Tamen

314 1445 475 1510 exereitus
503 1444 589 1528 regis
618 1443 658 1506 ad
687 1443 845 1528 proelium
877 1466 942 1507 non
975 1453 1012 1508 ut
1039 1454 1134 1508 antea
1160 1453 1327 1527 promptus
1358 1453 1436 1524 erat,

315 1529 392 1613 quia
412 1549 477 1590 non
499 1528 581 1590 sicut
595 1527 740 1591 audierat
754 1526 886 1592 inbelles
901 1550 970 1592 esse
987 1527 1132 1592 Saxones
1151 1539 1302 1612 expertus
1317 1527 1437 1612 fuerat;

314 1621 346 1676 et
367 1631 486 1694 magna
506 1611 568 1674 sibi
590 1632 665 1696 pars
687 1611 727 1676 de
749 1612 847 1696 priori
868 1610 1071 1676 multitudine
1094 1611 1212 1676 deerat.
1251 1611 1334 1675 Nam
1356 1612 1438 1675 Ber-

314 1693 458 1760 tholdush
488 1706 520 1759 et
546 1693 703 1758 Rodulfus
733 1695 830 1759 duces
856 1705 1027 1780 postquam
1049 1717 1069 1758 a
1090 1696 1191 1780 priori
1220 1705 1294 1759 sunt
1314 1694 1438 1780 proelio

314 1780 453 1860 reversi,
487 1777 597 1843 divina
628 1781 747 1864 pietate
781 1781 964 1865 compuncti
998 1778 1260 1866 quadragesimas
1293 1779 1437 1864 publiee⁰

314 1865 555 1946 ieiunaverunt,
579 1871 610 1928 et
632 1861 770 1948 amplius
792 1885 827 1926 se
847 1885 906 1948 pro
928 1886 1004 1948 rege
1027 1873 1138 1928 contra
1161 1863 1326 1928 Saxonum
1347 1865 1438 1926 inno-

315 1948 454 2012 centiam
475 1969 540 2012 non
563 1969 632 2012 esse
654 1957 863 2032 pugnaturos,
886 1947 1020 2012 fideliter
1036 1947 1113 2012 'Deo
1136 1957 1301 2012 voverunt.
1344 1947 1438 2011 Tunc

315 2031 376 2096 illid
399 2031 441 2094 ad
464 2030 610 2097 Saxones
632 2031 801 2113 miserunt3
825 2041 857 2095 et
878 2041 1010 2116 accepta
1025 2030 1165 2117 dataque
1179 2031 1253 2112 fide,
1275 2031 1318 2095 ad
1334 2053 1438 2098 secre-

314 2125 384 2180 tum
407 2114 574 2178 consilium
596 2116 701 2199 princi
725 2137 759 2178 es
789 2137 831 2179 ex
852 2125 987 2202 utraque
1009 2125 1099 2200 parte
1122 2124 1349 2182 convenerunt.
1385 2116 1439 2180 Ibi

314 2197 361 2262 illi
387 2200 504 2262 nostris
533 2201 566 2261 in
593 2221 651 2262 sua
671 2138 735 2262 fide
757 2199 988 2284 promiserunt,
1022 2199 1108 2285 quod
1134 2200 1162 2262 si
1185 2221 1218 2262 se
1240 2209 1354 2284 sponte
1375 2209 1438 2265 tra-

316 2281 422 2346 dendo
449 2282 519 2366 regi
547 2280 664 2346 vellent
691 2281 844 2347 honorem
869 2282 991 2364 facere,
1021 2293 1053 2347 et
1074 2291 1141 2348 tota
1164 2283 1308 2347 Saxonia
1329 2285 1439 2370 quieta

315 2374 413 2429 staret
434 2366 468 2427 in
491 2387 580 2449 pace,
603 2374 635 2430 et
655 2367 720 2450 ipsi
740 2388 800 2430 nec
821 2367 855 2429 in
877 2367 957 2430 dura
972 2387 1031 2429 nec
1046 2367 1080 2429 in
1094 2365 1191 2452 longa
1211 2367 1317 2432 forent
1337 2370 1438 2454 capti-

315 2449 423 2513 vitate.
467 2449 569 2512 Fama
621 2471 727 2535 uoque
754 2459 890 2515 testante
921 2453 1149 2536 comperimus,
1183 2451 1269 2536 quod
1290 2474 1350 2516 rex
1371 2453 1437 2516 suis

315 2533 453 2596 iurasset
474 2533 612 2618 principi
635 2556 682 2616 us,
704 2542 740 2597 ut
761 2537 788 2598 si
809 2535 870 2598 boc
892 2533 933 2602 ad
954 2535 1108 2598 honorem
1125 2557 1217 2598 suum
1237 2536 1437 2620 perficerent,

316 2617 350 2680 in
370 2617 529 2703 principio
552 2617 742 2682 Novembris
769 2619 910 2704 proximi
933 2640 1043 2682 omnes
1065 2619 1107 2682 ad
1128 2641 1186 2702 sua
1208 2641 1281 2682 cum
1303 2642 1384 2704 pace
1406 2632 1439 2686 et

260 2730 305 2770 ou.
316 2703 420 2786 gratia
449 2723 507 2764 sua
528 2702 708 2768 dimitteret.
753 2703 856 2788 igitur
884 2724 994 2771 omnes
1016 2704 1160 2787 episcopi
1180 2704 1295 2779 nostri,
1329 2705 1436 2787 duces,

259 2790 296 2833 ²⁶·
317 2785 449 2850 comites
472 2787 633 2872 ceterique
656 2788 816 2866 maiorem,
838 2809 936 2850 manu
957 2786 1032 2849 fidei
1048 2786 1089 2852 ab
1103 2785 1165 2852 illis
1181 2797 1315 2874 accepta
1328 2790 1437 2874 regiae
1454 2859 1457 2864 ,

316 2870 467 2954 potestati
499 2893 533 2934 se
567 2881 680 2954 sponte
709 2870 923 2951 tradiderunt,
954 2879 1122 2956 totumque
1154 2870 1309 2958 populum
1343 2894 1438 2936 suum

315 2951 411 3016 valde
432 2953 556 3016 tristem
577 2955 611 3016 in
632 2954 769 3038 patriam
790 2953 894 3018 redire
916 2955 1086 3020 iusserunt.

400 3037 452 3099 55.
497 3036 688 3100 Distributis
715 3059 791 3121 ergo
820 3059 878 3122 per
906 3038 1068 3102 custodias
1098 3038 1298 3123 principibus
1319 3041 1437 3104 nostris

315 3141 375 3183 rex
397 3120 514 3182 omisso
538 3121 682 3184 exercitu
705 3119 880 3184 Saxoniam
904 3143 977 3184 cum
1001 3141 1118 3207 magna
1131 3121 1234 3207 gloria
1248 3123 1437 3209 ingreditur,

315 3212 348 3268 et
369 3203 410 3267 ab
433 3203 482 3266 his
505 3204 560 3288 qui
582 3203 668 3267 dorni
683 3212 774 3267 erant
788 3226 862 3267 cum
877 3206 998 3268 maiore
1013 3205 1117 3290 gloria
1134 3207 1317 3290 suscipitur.
1354 3207 1438 3272 Nam

316 3287 489 3373 sperabant
511 3309 595 3368 eum,
619 3289 701 3351 sicut
722 3289 922 3374 promiserat,
945 3310 1019 3352 cum
1041 3312 1122 3376 pace
1138 3299 1170 3354 et
1207 3293 1303 3356 ietate
1317 3293 1436 3373 venire,

317 3391 492 3458 omnesque
515 3393 589 3435 suas
611 3372 743 3435 iniurias
767 3371 920 3436 oblivioni
941 3383 1115 3458 perpetuae
1135 3314 1271 3440 tradere.
1309 3376 1354 3440 At
1374 3375 1438 3457 ille,

317 3477 394 3519 suae
422 3457 642 3540 promissionis
666 3455 800 3531 oblitus,
828 3479 887 3522 nec
908 3457 982 3520 Deo
1034 3479 1069 3521 ro
1091 3459 1241 3542 victoria,
1273 3482 1370 3546 quam
1392 3459 1439 3523 sic

316 3537 427 3603 leviter
449 3562 526 3606 acce
552 3551 628 3622 erat,
650 3541 764 3626 dignas
786 3539 897 3606 laudes
918 3479 1080 3606 humiliter
1100 3541 1250 3624 reddidit,
1272 3565 1332 3607 nec
1352 3543 1440 3608 illam

317 3643 414 3770 paam
435 3633 511 3687 tunc
526 3563 673 3688 babebat
698 3623 834 3709 gloriam
861 3647 1004 3714 unquam
1027 3648 1060 3690 se
1083 3625 1350 3712 disperditurumf
1372 3650 1440 3693 ere-

204 3713 305 3767 *rfttt
340 3705 408 3772 idit.
453 3707 549 3786 Quod
571 3709 598 3770 si
619 3709 687 3792 regi
708 3709 839 3792 regum*
869 3731 903 3773 se
930 3719 1007 3773 tunc
1035 3709 1196 3775 humiliter
1223 3713 1441 3778 substerneret

317 3797 350 3854 et
371 3791 405 3852 in
425 3790 528 3854 victos
550 3791 802 3855 misericordiam
824 3791 888 3857 Dei
918 3793 1113 3875 ostenderet,
1142 3816 1208 3859 non
1230 3794 1333 3860 solum
1356 3819 1439 3882 quos

317 3874 441 3938 vicerat
464 3873 619 3954 Saxones,
641 3874 698 3940 sed
720 3897 829 3939 omnes
852 3877 970 3962 quibus
986 3879 1165 3962 imperabat
1184 3889 1305 3964 gentes,
1327 3881 1440 3947 timere

318 3979 353 4022 se
374 3959 494 4044 pariter
516 3967 548 4022 et
569 3979 676 4022 amare
698 3959 832 4042 faceret,
862 3961 955 4025 etad
976 3959 1046 4029 illas
1069 3965 1166 4026 etiam
1187 3965 1333 4028 nationes
1356 3987 1440 4050 quae

319 4105 342 4157 a)
360 4109 391 4146 tta
408 4109 434 4157 23
449 4111 562 4158 perpetuo
579 4111 599 4152 1.
667 4105 690 4156 b)
706 4109 830 4150 Ber-toldus
848 4112 867 4149 1.
927 4107 947 4159 e)
963 4121 986 4160 p.
1002 4121 1044 4160 pro
1061 4111 1099 4150 dei
1114 4113 1197 4152 timore
1214 4113 1230 4154 i,
1248 4114 1271 4152 2.
1330 4112 1353 4165 d)
1370 4115 1401 4155 Hi
1419 4119 1442 4156 2¹.

320 4164 342 4216 e)
364 4177 394 4206 m.
418 4165 536 4207 Saxonum
559 4171 582 4208 et
605 4167 776 4217 thuringorum
800 4170 820 4210 2.
881 4165 898 4218 f)
923 4169 955 4208 tta
979 4169 1096 4208 emendavit
1119 4170 1228 4222 Patriae,-
1252 4172 1394 4222 dtspoturum
1416 4177 1442 4225 13

319 4225 484 4274 dispositurum
500 4227 532 4268 ed.

322 4339 350 4405 1)
369 4341 445 4392 Etru
458 4360 548 4422 prope
560 4342 790 4396 Soodersdouseu.
829 4344 859 4394 P.
