<?xml version="1.0" encoding="UTF-8"?>
<!DOCTYPE html PUBLIC "-//W3C//DTD XHTML 1.0 Transitional//EN"
    "http://www.w3.org/TR/xhtml1/DTD/xhtml1-transitional.dtd">
<html xmlns="http://www.w3.org/1999/xhtml" xml:lang="en" lang="en">
 <head>
  <title>
</title>
<meta http-equiv="Content-Type" content="text/html;charset=utf-8" />
  <meta name='ocr-system' content='tesseract 3.04.00' />
  <meta name='ocr-capabilities' content='ocr_page ocr_carea ocr_par ocr_line ocrx_word'/>
</head>
<body>
  <div class='ocr_page' id='page_1' title='image "./waltramiutvidet01schwgoog_0091.png"; bbox 0 0 3116 4822; ppageno 0'>
   <div class='ocr_carea' id='block_1_1' title="bbox 332 343 1265 399">
    <p class='ocr_par' dir='ltr' id='par_1_1' title="bbox 332 343 1265 399">
     <span class='ocr_line' id='line_1_1' title="bbox 332 343 1265 399; baseline -0.001 -2"><span class='ocrx_word' id='word_1_1' title='bbox 332 348 382 398; x_wconf 81' lang='lat' dir='ltr'><strong>DE</strong></span> <span class='ocrx_word' id='word_1_2' title='bbox 402 345 560 399; x_wconf 74' lang='lat' dir='ltr'><strong>uulrnru</strong></span> <span class='ocrx_word' id='word_1_3' title='bbox 580 345 785 398; x_wconf 72' lang='lat' dir='ltr'><strong>Econusnu</strong></span> <span class='ocrx_word' id='word_1_4' title='bbox 806 345 1080 399; x_wconf 75' lang='lat' dir='ltr'><strong>CONSEBVANDA.</strong></span> <span class='ocrx_word' id='word_1_5' title='bbox 1231 343 1265 396; x_wconf 91' lang='grc'><strong>66</strong></span> 
     </span>
    </p>
   </div>
   <div class='ocr_carea' id='block_1_2' title="bbox 144 517 1266 664">
    <p class='ocr_par' dir='ltr' id='par_1_2' title="bbox 144 517 1266 664">
     <span class='ocr_line' id='line_1_2' title="bbox 144 517 1266 590; baseline -0.006 -13"><span class='ocrx_word' id='word_1_6' title='bbox 144 525 250 587; x_wconf 59' lang='lat' dir='ltr'><strong>hebeat</strong></span> <span class='ocrx_word' id='word_1_7' title='bbox 270 522 337 590; x_wconf 80' lang='lat' dir='ltr'><strong>quid</strong></span> <span class='ocrx_word' id='word_1_8' title='bbox 350 521 375 573; x_wconf 84' lang='lat' dir='ltr'><strong>ei</strong></span> <span class='ocrx_word' id='word_1_9' title='bbox 388 521 497 587; x_wconf 82' lang='lat' dir='ltr'><strong>prodest</strong></span> <span class='ocrx_word' id='word_1_10' title='bbox 514 520 565 572; x_wconf 73' lang='lat' dir='ltr'><strong>tua</strong></span> <span class='ocrx_word' id='word_1_11' title='bbox 574 520 748 587; x_wconf 76' lang='lat' dir='ltr'><strong>poenitentia,</strong></span> <span class='ocrx_word' id='word_1_12' title='bbox 768 537 827 572; x_wconf 84' lang='lat' dir='ltr'><strong>cum</strong></span> <span class='ocrx_word' id='word_1_13' title='bbox 846 521 894 572; x_wconf 80' lang='lat' dir='ltr'><strong>isto</strong></span> <span class='ocrx_word' id='word_1_14' title='bbox 907 521 962 573; x_wconf 72' lang='lat' dir='ltr'><strong>rob</strong></span> <span class='ocrx_word' id='word_1_15' title='bbox 977 520 1076 573; x_wconf 65' lang='lat' dir='ltr'><strong>vetos</strong></span> <span class='ocrx_word' id='word_1_16' title='bbox 1090 517 1161 572; x_wconf 78' lang='lat' dir='ltr'><strong>dieat</strong></span> <span class='ocrx_word' id='word_1_17' title='bbox 1173 525 1266 572; x_wconf 80' lang='lat' dir='ltr'><strong>contra</strong></span> 
     </span>
     <span class='ocr_line' id='line_1_3' title="bbox 145 589 1266 664; baseline -0.004 -14"><span class='ocrx_word' id='word_1_18' title='bbox 145 596 276 664; x_wconf 76' lang='lat' dir='ltr'><strong>Spiritum</strong></span> <span class='ocrx_word' id='word_1_19' title='bbox 302 601 431 660; x_wconf 71' lang='lat' dir='ltr'><strong>turcotum,</strong></span> <span class='ocrx_word' id='word_1_20' title='bbox 456 589 549 660; x_wconf 77' lang='lat' dir='ltr'><strong>quodb</strong></span> <span class='ocrx_word' id='word_1_21' title='bbox 575 601 717 646; x_wconf 79' lang='lat' dir='ltr'><strong>eutraueus</strong></span> <span class='ocrx_word' id='word_1_22' title='bbox 741 601 778 646; x_wconf 81' lang='lat' dir='ltr'><strong>ert</strong></span> <span class='ocrx_word' id='word_1_23' title='bbox 803 594 836 644; x_wconf 83' lang='lat' dir='ltr'><strong>ab</strong></span> <span class='ocrx_word' id='word_1_24' title='bbox 862 594 980 658; x_wconf 77' lang='lat' dir='ltr'><strong>coclerio,</strong></span> <span class='ocrx_word' id='word_1_25' title='bbox 1005 611 1074 660; x_wconf 79' lang='lat' dir='ltr'><strong>quae</strong></span> <span class='ocrx_word' id='word_1_26' title='bbox 1100 593 1200 659; x_wconf 79' lang='lat' dir='ltr'><strong>accepit</strong></span> <span class='ocrx_word' id='word_1_27' title='bbox 1217 594 1266 645; x_wconf 78' lang='lat' dir='ltr'><strong>boe</strong></span> 
     </span>
    </p>
   </div>
   <div class='ocr_carea' id='block_1_3' title="bbox 144 661 1265 890">
    <p class='ocr_par' dir='ltr' id='par_1_3' title="bbox 144 661 1265 890">
     <span class='ocr_line' id='line_1_4' title="bbox 144 661 1265 744; baseline -0.006 -12"><span class='ocrx_word' id='word_1_28' title='bbox 144 681 253 743; x_wconf 80' lang='lat' dir='ltr'><strong>donum,</strong></span> <span class='ocrx_word' id='word_1_29' title='bbox 273 683 303 729; x_wconf 82' lang='lat' dir='ltr'><strong>at</strong></span> <span class='ocrx_word' id='word_1_30' title='bbox 315 677 344 728; x_wconf 81' lang='lat' dir='ltr'><strong>e&#39;n</strong></span> <span class='ocrx_word' id='word_1_31' title='bbox 357 693 389 729; x_wconf 84' lang='lat' dir='ltr'><strong>ea</strong></span> <span class='ocrx_word' id='word_1_32' title='bbox 401 675 430 728; x_wconf 77' lang='lat' dir='ltr'><strong>irc</strong></span> <span class='ocrx_word' id='word_1_33' title='bbox 444 675 549 744; x_wconf 79' lang='lat' dir='ltr'><strong>Spiritu</strong></span> <span class='ocrx_word' id='word_1_34' title='bbox 558 685 649 728; x_wconf 79' lang='lat' dir='ltr'><strong>saneto</strong></span> <span class='ocrx_word' id='word_1_35' title='bbox 655 677 708 742; x_wconf 83' lang='lat' dir='ltr'><strong>flat</strong></span> <span class='ocrx_word' id='word_1_36' title='bbox 719 675 838 735; x_wconf 70' lang='lat' dir='ltr'><strong>remissio</strong></span> <span class='ocrx_word' id='word_1_37' title='bbox 852 683 1032 743; x_wconf 82' lang='lat' dir='ltr'><strong>peecatorum.</strong></span> <span class='ocrx_word' id='word_1_38' title='bbox 1056 661 1100 724; x_wconf 75' lang='lat' dir='ltr'><strong>Et</strong></span> <span class='ocrx_word' id='word_1_39' title='bbox 1113 663 1265 726; x_wconf 82' lang='lat' dir='ltr'><strong>iterum1:</strong></span> 
     </span>
     <span class='ocr_line' id='line_1_5' title="bbox 146 747 1265 820; baseline -0.004 -14"><span class='ocrx_word' id='word_1_40' title='bbox 146 753 197 806; x_wconf 76' lang='lat' dir='ltr'><strong>Oct·</strong></span> <span class='ocrx_word' id='word_1_41' title='bbox 214 751 386 820; x_wconf 76' lang='lat' dir='ltr'><strong>impoenitens</strong></span> <span class='ocrx_word' id='word_1_42' title='bbox 406 757 543 814; x_wconf 83' lang='lat' dir='ltr'><strong>caueatur,</strong></span> <span class='ocrx_word' id='word_1_43' title='bbox 562 767 611 801; x_wconf 80' lang='lat' dir='ltr'><strong>aee</strong></span> <span class='ocrx_word' id='word_1_44' title='bbox 630 749 707 802; x_wconf 76' lang='lat' dir='ltr'><strong>aliter</strong></span> <span class='ocrx_word' id='word_1_45' title='bbox 721 747 888 817; x_wconf 80' lang='lat' dir='ltr'><strong>poenitentia</strong></span> <span class='ocrx_word' id='word_1_46' title='bbox 901 751 1030 817; x_wconf 76' lang='lat' dir='ltr'><strong>prodesse</strong></span> <span class='ocrx_word' id='word_1_47' title='bbox 1049 752 1184 816; x_wconf 71' lang='lat' dir='ltr'><strong>medetur,</strong></span> <span class='ocrx_word' id='word_1_48' title='bbox 1210 751 1265 803; x_wconf 76' lang='lat' dir='ltr'><strong>nisi</strong></span> 
     </span>
     <span class='ocr_line' id='line_1_6' title="bbox 145 821 1265 890; baseline -0.004 -11"><span class='ocrx_word' id='word_1_49' title='bbox 145 833 175 878; x_wconf 83' lang='lat' dir='ltr'><strong>ut</strong></span> <span class='ocrx_word' id='word_1_50' title='bbox 192 831 315 878; x_wconf 81' lang='lat' dir='ltr'><strong>teneatur</strong></span> <span class='ocrx_word' id='word_1_51' title='bbox 340 823 458 888; x_wconf 81' lang='lat' dir='ltr'><strong>ecelesia,</strong></span> <span class='ocrx_word' id='word_1_52' title='bbox 482 824 529 875; x_wconf 80' lang='lat' dir='ltr'><strong>ubi</strong></span> <span class='ocrx_word' id='word_1_53' title='bbox 550 821 669 875; x_wconf 76' lang='lat' dir='ltr'><strong>rescissio</strong></span> <span class='ocrx_word' id='word_1_54' title='bbox 683 831 854 890; x_wconf 81' lang='lat' dir='ltr'><strong>peccatorum</strong></span> <span class='ocrx_word' id='word_1_55' title='bbox 881 824 964 875; x_wconf 82' lang='lat' dir='ltr'><strong>datur</strong></span> <span class='ocrx_word' id='word_1_56' title='bbox 982 830 1006 876; x_wconf 85' lang='lat' dir='ltr'><strong>et</strong></span> <span class='ocrx_word' id='word_1_57' title='bbox 1024 824 1135 878; x_wconf 65' lang='lat' dir='ltr'><strong>coaetus</strong></span> <span class='ocrx_word' id='word_1_58' title='bbox 1154 823 1265 890; x_wconf 78' lang='lat' dir='ltr'><strong>spiritur</strong></span> 
     </span>
    </p>
   </div>
   <div class='ocr_carea' id='block_1_4' title="bbox 138 891 1337 3366">
    <p class='ocr_par' dir='ltr' id='par_1_4' title="bbox 138 891 1337 3366">
     <span class='ocr_line' id='line_1_7' title="bbox 143 891 1337 979; baseline -0.002 -19"><span class='ocrx_word' id='word_1_59' title='bbox 143 907 173 960; x_wconf 77' lang='lat' dir='ltr'><strong>tn</strong></span> <span class='ocrx_word' id='word_1_60' title='bbox 189 907 267 976; x_wconf 72' lang='lat' dir='ltr'><strong>pacis</strong></span> <span class='ocrx_word' id='word_1_61' title='bbox 285 905 391 958; x_wconf 65' lang='lat' dir='ltr'><strong>ueruto</strong></span> <span class='ocrx_word' id='word_1_62' title='bbox 411 906 566 959; x_wconf 71' lang='lat' dir='ltr'><strong><em>custoditur.</em></strong></span> <span class='ocrx_word' id='word_1_63' title='bbox 603 891 696 954; x_wconf 88' lang='lat' dir='ltr'><strong>Haec</strong></span> <span class='ocrx_word' id='word_1_64' title='bbox 717 891 831 956; x_wconf 79' lang='lat' dir='ltr'><strong>scribit</strong></span> <span class='ocrx_word' id='word_1_65' title='bbox 852 900 981 956; x_wconf 87' lang='lat' dir='ltr'><strong>sanctus</strong></span> <span class='ocrx_word' id='word_1_66' title='bbox 1002 891 1203 979; x_wconf 81' lang='lat' dir='ltr'>Augustinus</span> <span class='ocrx_word' id='word_1_67' title='bbox 1225 891 1337 964; x_wconf 70' lang='lat' dir='ltr'><strong>deut)</strong></span> 
     </span>
     <span class='ocr_line' id='line_1_8' title="bbox 145 971 1280 1064; baseline -0.001 -23"><span class='ocrx_word' id='word_1_68' title='bbox 145 975 304 1041; x_wconf 85' lang='lat' dir='ltr'><strong>catholica</strong></span> <span class='ocrx_word' id='word_1_69' title='bbox 318 971 465 1053; x_wconf 88' lang='lat' dir='ltr'><strong>ecclesia,</strong></span> <span class='ocrx_word' id='word_1_70' title='bbox 487 973 544 1038; x_wconf 89' lang='lat' dir='ltr'><strong>ubi</strong></span> <span class='ocrx_word' id='word_1_71' title='bbox 559 975 734 1040; x_wconf 91' lang='lat' dir='ltr'><strong>concordat</strong></span> <span class='ocrx_word' id='word_1_72' title='bbox 747 973 965 1040; x_wconf 88' lang='lat' dir='ltr'><strong>membrorum</strong></span> <span class='ocrx_word' id='word_1_73' title='bbox 986 975 1092 1042; x_wconf 84' lang='lat' dir='ltr'><strong>unitas</strong></span> <span class='ocrx_word' id='word_1_74' title='bbox 1113 999 1172 1064; x_wconf 86' lang='lat' dir='ltr'><strong>per</strong></span> <span class='ocrx_word' id='word_1_75' title='bbox 1186 977 1280 1042; x_wconf 80' lang='lat' dir='ltr'><strong>cari·&#39;</strong></span> 
     </span>
     <span class='ocr_line' id='line_1_9' title="bbox 145 1058 1265 1144; baseline 0.003 -19"><span class='ocrx_word' id='word_1_76' title='bbox 145 1061 222 1126; x_wconf 87' lang='lat' dir='ltr'><strong>tatis</strong></span> <span class='ocrx_word' id='word_1_77' title='bbox 237 1067 269 1125; x_wconf 88' lang='lat' dir='ltr'><strong>et</strong></span> <span class='ocrx_word' id='word_1_78' title='bbox 282 1059 373 1144; x_wconf 82' lang='lat' dir='ltr'>pacis</span> <span class='ocrx_word' id='word_1_79' title='bbox 388 1058 503 1122; x_wconf 85' lang='lat' dir='ltr'><strong>studia.</strong></span> <span class='ocrx_word' id='word_1_80' title='bbox 539 1059 649 1124; x_wconf 88' lang='lat' dir='ltr'>Unde:</span> <span class='ocrx_word' id='word_1_81' title='bbox 670 1075 706 1127; x_wconf 76' lang='lat' dir='ltr'><strong>In</strong></span> <span class='ocrx_word' id='word_1_82' title='bbox 725 1091 787 1138; x_wconf 79' lang='lat' dir='ltr'><strong>uno,</strong></span> <span class='ocrx_word' id='word_1_83' title='bbox 807 1059 912 1144; x_wconf 91' lang='lat' dir='ltr'><strong>inquit</strong></span> <span class='ocrx_word' id='word_1_84' title='bbox 919 1071 941 1142; x_wconf 82' lang='lat'><strong>²,</strong></span> <span class='ocrx_word' id='word_1_85' title='bbox 964 1081 1049 1139; x_wconf 74' lang='lat' dir='ltr'><strong>erute,</strong></span> <span class='ocrx_word' id='word_1_86' title='bbox 1076 1091 1159 1126; x_wconf 75' lang='lat' dir='ltr'>uuum</span> <span class='ocrx_word' id='word_1_87' title='bbox 1177 1082 1265 1141; x_wconf 71' lang='lat' dir='ltr'><strong>estote,</strong></span> 
     </span>
     <span class='ocr_line' id='line_1_10' title="bbox 145 1152 1265 1225; baseline -0.002 -15"><span class='ocrx_word' id='word_1_88' title='bbox 145 1176 218 1211; x_wconf 70' lang='lat' dir='ltr'><strong>aaut</strong></span> <span class='ocrx_word' id='word_1_89' title='bbox 237 1164 321 1220; x_wconf 80' lang='lat' dir='ltr'><strong>estote,</strong></span> <span class='ocrx_word' id='word_1_90' title='bbox 342 1152 386 1206; x_wconf 79' lang='lat' dir='ltr'><strong>et:</strong></span> <span class='ocrx_word' id='word_1_91' title='bbox 412 1157 547 1222; x_wconf 71' lang='lat' dir='ltr'><strong>Varillus,</strong></span> <span class='ocrx_word' id='word_1_92' title='bbox 566 1158 614 1225; x_wconf 79' lang='lat' dir='ltr'><strong>qui</strong></span> <span class='ocrx_word' id='word_1_93' title='bbox 635 1159 749 1210; x_wconf 64' lang='lat' dir='ltr'><strong>odorat</strong></span> <span class='ocrx_word' id='word_1_94' title='bbox 770 1157 898 1210; x_wconf 80' lang='lat' dir='ltr'><strong>unitatem</strong></span> <span class='ocrx_word' id='word_1_95' title='bbox 920 1157 1051 1219; x_wconf 65' lang='lat' dir='ltr'><strong>cretenau,</strong></span> <span class='ocrx_word' id='word_1_96' title='bbox 1067 1165 1265 1223; x_wconf 80' lang='lat' dir='ltr'><strong>praesumentes</strong></span> 
     </span>
     <span class='ocr_line' id='line_1_11' title="bbox 146 1225 1266 1310; baseline -0.003 -17"><span class='ocrx_word' id='word_1_97' title='bbox 146 1241 177 1294; x_wconf 75' lang='lat' dir='ltr'><strong>ia</strong></span> <span class='ocrx_word' id='word_1_98' title='bbox 201 1238 347 1292; x_wconf 75' lang='lat' dir='ltr'><strong>homiuibus</strong></span> <span class='ocrx_word' id='word_1_99' title='bbox 364 1245 459 1306; x_wconf 82' lang='lat' dir='ltr'><strong>partes</strong></span> <span class='ocrx_word' id='word_1_100' title='bbox 474 1241 580 1308; x_wconf 72' lang='lat' dir='ltr'><strong>saorra</strong></span> <span class='ocrx_word' id='word_1_101' title='bbox 617 1225 715 1310; x_wconf 78' lang='lat' dir='ltr'><strong>Ergo,</strong></span> <span class='ocrx_word' id='word_1_102' title='bbox 744 1227 828 1289; x_wconf 78' lang='lat' dir='ltr'><strong>sieut</strong></span> <span class='ocrx_word' id='word_1_103' title='bbox 852 1225 939 1290; x_wconf 82' lang='lat' dir='ltr'><strong>idem</strong></span> <span class='ocrx_word' id='word_1_104' title='bbox 959 1225 1162 1310; x_wconf 80' lang='lat' dir='ltr'>Augustinus</span> <span class='ocrx_word' id='word_1_105' title='bbox 1190 1227 1266 1308; x_wconf 67' lang='lat' dir='ltr'><strong>ast’,</strong></span> 
     </span>
     <span class='ocr_line' id='line_1_12' title="bbox 147 1307 1267 1396; baseline 0.001 -21"><span class='ocrx_word' id='word_1_106' title='bbox 147 1323 296 1375; x_wconf 76' lang='lat' dir='ltr'><strong>Faustinus</strong></span> <span class='ocrx_word' id='word_1_107' title='bbox 315 1323 393 1389; x_wconf 79' lang='lat' dir='ltr'><strong>parti</strong></span> <span class='ocrx_word' id='word_1_108' title='bbox 407 1332 542 1388; x_wconf 77' lang='lat' dir='ltr'><strong><em>praeerat,</em></strong></span> <span class='ocrx_word' id='word_1_109' title='bbox 567 1341 621 1376; x_wconf 80' lang='lat' dir='ltr'><strong>noa</strong></span> <span class='ocrx_word' id='word_1_110' title='bbox 639 1325 777 1386; x_wconf 54' lang='lat' dir='ltr'><strong>eeclesiam</strong></span> <span class='ocrx_word' id='word_1_111' title='bbox 799 1309 891 1374; x_wconf 76' lang='lat' dir='ltr'><strong>iuxta</strong></span> <span class='ocrx_word' id='word_1_112' title='bbox 912 1310 1000 1396; x_wconf 80' lang='lat' dir='ltr'><strong>quod</strong></span> <span class='ocrx_word' id='word_1_113' title='bbox 1020 1317 1053 1374; x_wconf 80' lang='lat' dir='ltr'><strong>et</strong></span> <span class='ocrx_word' id='word_1_114' title='bbox 1072 1307 1267 1376; x_wconf 75' lang='lat' dir='ltr'><strong>Hildebrant</strong></span> 
     </span>
     <span class='ocr_line' id='line_1_13' title="bbox 145 1390 1266 1480; baseline 0.003 -25"><span class='ocrx_word' id='word_1_115' title='bbox 145 1392 232 1478; x_wconf 85' lang='lat' dir='ltr'><strong>parti</strong></span> <span class='ocrx_word' id='word_1_116' title='bbox 259 1411 335 1456; x_wconf 86' lang='lat' dir='ltr'><strong>suae</strong></span> <span class='ocrx_word' id='word_1_117' title='bbox 361 1399 518 1475; x_wconf 78' lang='lat' dir='ltr'><strong>praeerat,</strong></span> <span class='ocrx_word' id='word_1_118' title='bbox 546 1413 611 1456; x_wconf 92' lang='lat' dir='ltr'><strong>non</strong></span> <span class='ocrx_word' id='word_1_119' title='bbox 638 1391 803 1476; x_wconf 84' lang='lat' dir='ltr'><strong>ecclesiae,</strong></span> <span class='ocrx_word' id='word_1_120' title='bbox 830 1392 957 1480; x_wconf 85' lang='lat' dir='ltr'><strong>qualem</strong></span> <span class='ocrx_word' id='word_1_121' title='bbox 989 1390 1113 1459; x_wconf 88' lang='lat' dir='ltr'><strong>seilicet</strong></span> <span class='ocrx_word' id='word_1_122' title='bbox 1140 1404 1266 1480; x_wconf 89' lang='lat' dir='ltr'><strong>partem</strong></span> 
     </span>
     <span class='ocr_line' id='line_1_14' title="bbox 144 1472 1267 1563; baseline 0.004 -23"><span class='ocrx_word' id='word_1_123' title='bbox 144 1475 260 1540; x_wconf 82' lang='lat' dir='ltr'><strong>scribit</strong></span> <span class='ocrx_word' id='word_1_124' title='bbox 281 1472 414 1561; x_wconf 83' lang='lat' dir='ltr'><strong>quidam</strong></span> <span class='ocrx_word' id='word_1_125' title='bbox 435 1474 476 1540; x_wconf 88' lang='lat' dir='ltr'><strong>dc</strong></span> <span class='ocrx_word' id='word_1_126' title='bbox 497 1475 711 1562; x_wconf 80' lang='lat' dir='ltr'><strong>participibus</strong></span> <span class='ocrx_word' id='word_1_127' title='bbox 734 1477 800 1540; x_wconf 87' lang='lat' dir='ltr'><strong>suis</strong></span> <span class='ocrx_word' id='word_1_128' title='bbox 822 1477 992 1544; x_wconf 83' lang='lat' dir='ltr'><strong>defendere</strong></span> <span class='ocrx_word' id='word_1_129' title='bbox 1014 1477 1170 1563; x_wconf 88' lang='lat' dir='ltr'><strong>coepisse.</strong></span> <span class='ocrx_word' id='word_1_130' title='bbox 1201 1477 1267 1544; x_wconf 87' lang='lat' dir='ltr'><strong>Sed</strong></span> 
     </span>
     <span class='ocr_line' id='line_1_15' title="bbox 145 1558 1266 1650; baseline 0.002 -24"><span class='ocrx_word' id='word_1_131' title='bbox 145 1558 296 1626; x_wconf 67' lang='lat' dir='ltr'><strong>Gelasius</strong></span> <span class='ocrx_word' id='word_1_132' title='bbox 317 1567 438 1644; x_wconf 74' lang='lat' dir='ltr'><strong>papa⁴¹t</strong></span> <span class='ocrx_word' id='word_1_133' title='bbox 473 1574 549 1636; x_wconf 81' lang='lat' dir='ltr'><strong>Quae</strong></span> <span class='ocrx_word' id='word_1_134' title='bbox 565 1575 714 1644; x_wconf 72' lang='lat' dir='ltr'><strong>privilepio,</strong></span> <span class='ocrx_word' id='word_1_135' title='bbox 733 1560 846 1650; x_wconf 76' lang='lat' dir='ltr'><strong>inquii,</strong></span> <span class='ocrx_word' id='word_1_136' title='bbox 871 1579 1033 1632; x_wconf 77' lang='lat' dir='ltr'><strong>uniuersalis</strong></span> <span class='ocrx_word' id='word_1_137' title='bbox 1057 1576 1179 1630; x_wconf 67' lang='lat' dir='ltr'><strong>etruriae</strong></span> <span class='ocrx_word' id='word_1_138' title='bbox 1205 1595 1266 1628; x_wconf 80' lang='lat' dir='ltr'><strong>corr·</strong></span> 
     </span>
     <span class='ocr_line' id='line_1_16' title="bbox 144 1643 1267 1732; baseline -0.002 -20"><span class='ocrx_word' id='word_1_139' title='bbox 144 1659 233 1712; x_wconf 73' lang='lat' dir='ltr'><strong>truria</strong></span> <span class='ocrx_word' id='word_1_140' title='bbox 247 1657 408 1726; x_wconf 80' lang='lat' dir='ltr'><strong>prodeatur,</strong></span> <span class='ocrx_word' id='word_1_141' title='bbox 427 1658 504 1709; x_wconf 76' lang='lat' dir='ltr'><strong>naua</strong></span> <span class='ocrx_word' id='word_1_142' title='bbox 522 1657 624 1709; x_wconf 80' lang='lat' dir='ltr'><strong>ratione</strong></span> <span class='ocrx_word' id='word_1_143' title='bbox 642 1658 805 1724; x_wconf 76' lang='lat' dir='ltr'><strong>subsistam,-</strong></span> <span class='ocrx_word' id='word_1_144' title='bbox 822 1667 898 1732; x_wconf 82' lang='lat' dir='ltr'><strong>pars</strong></span> <span class='ocrx_word' id='word_1_145' title='bbox 920 1655 1028 1711; x_wconf 79' lang='lat' dir='ltr'><strong>autem</strong></span> <span class='ocrx_word' id='word_1_146' title='bbox 1048 1643 1146 1729; x_wconf 82' lang='lat' dir='ltr'><strong>longe</strong></span> <span class='ocrx_word' id='word_1_147' title='bbox 1168 1643 1267 1710; x_wconf 75' lang='lat' dir='ltr'><strong>distat</strong></span> 
     </span>
     <span class='ocr_line' id='line_1_17' title="bbox 144 1724 1266 1816; baseline 0.002 -26"><span class='ocrx_word' id='word_1_148' title='bbox 144 1748 166 1790; x_wconf 90' lang='lat' dir='ltr'><strong>a</strong></span> <span class='ocrx_word' id='word_1_149' title='bbox 192 1734 270 1807; x_wconf 89' lang='lat' dir='ltr'><strong>toto,</strong></span> <span class='ocrx_word' id='word_1_150' title='bbox 322 1725 388 1789; x_wconf 90' lang='lat' dir='ltr'><strong>uod</strong></span> <span class='ocrx_word' id='word_1_151' title='bbox 414 1733 463 1790; x_wconf 85' lang='lat' dir='ltr'><strong>est</strong></span> <span class='ocrx_word' id='word_1_152' title='bbox 482 1724 672 1806; x_wconf 89' lang='lat' dir='ltr'><strong>universale,</strong></span> <span class='ocrx_word' id='word_1_153' title='bbox 694 1725 832 1815; x_wconf 89' lang='lat' dir='ltr'><strong>ideoque</strong></span> <span class='ocrx_word' id='word_1_154' title='bbox 853 1729 984 1794; x_wconf 84' lang='lat' dir='ltr'><strong>inferior</strong></span> <span class='ocrx_word' id='word_1_155' title='bbox 1008 1738 1115 1816; x_wconf 87' lang='lat' dir='ltr'><strong>potest</strong></span> <span class='ocrx_word' id='word_1_156' title='bbox 1136 1729 1266 1816; x_wconf 86' lang='lat' dir='ltr'><strong>quidem</strong></span> 
     </span>
     <span class='ocr_line' id='line_1_18' title="bbox 144 1807 1265 1900; baseline 0.002 -24"><span class='ocrx_word' id='word_1_157' title='bbox 144 1811 247 1876; x_wconf 88' lang='lat' dir='ltr'><strong>errori</strong></span> <span class='ocrx_word' id='word_1_158' title='bbox 268 1830 286 1874; x_wconf 91' lang='lat' dir='ltr'><strong>o</strong></span> <span class='ocrx_word' id='word_1_159' title='bbox 334 1809 400 1874; x_wconf 85' lang='lat' dir='ltr'><strong>&#39;bet</strong></span> <span class='ocrx_word' id='word_1_160' title='bbox 416 1807 581 1874; x_wconf 90' lang='lat' dir='ltr'><strong>involvere</strong></span> <span class='ocrx_word' id='word_1_161' title='bbox 595 1807 637 1871; x_wconf 88' lang='lat' dir='ltr'><strong>ali</strong></span> <span class='ocrx_word' id='word_1_162' title='bbox 662 1833 746 1893; x_wconf 90' lang='lat' dir='ltr'><strong>uem,</strong></span> <span class='ocrx_word' id='word_1_163' title='bbox 769 1834 834 1876; x_wconf 93' lang='lat' dir='ltr'><strong>non</strong></span> <span class='ocrx_word' id='word_1_164' title='bbox 847 1813 1026 1879; x_wconf 86' lang='lat' dir='ltr'><strong>absolvere.</strong></span> <span class='ocrx_word' id='word_1_165' title='bbox 1061 1813 1175 1900; x_wconf 85' lang='lat' dir='ltr'><strong>Igitur,</strong></span> <span class='ocrx_word' id='word_1_166' title='bbox 1197 1813 1265 1878; x_wconf 89' lang='lat' dir='ltr'><strong>sive</strong></span> 
     </span>
     <span class='ocr_line' id='line_1_19' title="bbox 145 1831 1266 1984; baseline 0 -24"><span class='ocrx_word' id='word_1_167' title='bbox 145 1897 188 1962; x_wconf 86' lang='lat' dir='ltr'><strong>sit</strong></span> <span class='ocrx_word' id='word_1_168' title='bbox 208 1893 261 1959; x_wconf 88' lang='lat' dir='ltr'><strong>ille</strong></span> <span class='ocrx_word' id='word_1_169' title='bbox 284 1893 471 1978; x_wconf 83' lang='lat' dir='ltr'><strong>Gregorius,</strong></span> <span class='ocrx_word' id='word_1_170' title='bbox 496 1893 564 1957; x_wconf 88' lang='lat' dir='ltr'><strong>sive</strong></span> <span class='ocrx_word' id='word_1_171' title='bbox 586 1831 791 1980; x_wconf 65' lang='lat' dir='ltr'><strong>Hildebrant,</strong></span> <span class='ocrx_word' id='word_1_172' title='bbox 817 1897 869 1963; x_wconf 87' lang='lat' dir='ltr'><strong>vel</strong></span> <span class='ocrx_word' id='word_1_173' title='bbox 895 1897 977 1962; x_wconf 85' lang='lat' dir='ltr'><strong>alius</strong></span> <span class='ocrx_word' id='word_1_174' title='bbox 1005 1899 1187 1984; x_wconf 88' lang='lat' dir='ltr'><strong>quisquam,</strong></span> <span class='ocrx_word' id='word_1_175' title='bbox 1209 1897 1266 1982; x_wconf 89' lang='lat' dir='ltr'><strong>qui</strong></span> 
     </span>
     <span class='ocr_line' id='line_1_20' title="bbox 144 1975 1265 2068; baseline 0 -25"><span class='ocrx_word' id='word_1_176' title='bbox 144 1988 273 2066; x_wconf 88' lang='lat' dir='ltr'><strong>praeest</strong></span> <span class='ocrx_word' id='word_1_177' title='bbox 299 1978 394 2063; x_wconf 85' lang='lat' dir='ltr'><strong>parti,</strong></span> <span class='ocrx_word' id='word_1_178' title='bbox 421 1999 486 2042; x_wconf 90' lang='lat' dir='ltr'><strong>non</strong></span> <span class='ocrx_word' id='word_1_179' title='bbox 512 1975 676 2058; x_wconf 88' lang='lat' dir='ltr'><strong>ecclesiae,</strong></span> <span class='ocrx_word' id='word_1_180' title='bbox 705 2001 771 2044; x_wconf 96' lang='lat' dir='ltr'><strong>non</strong></span> <span class='ocrx_word' id='word_1_181' title='bbox 799 1983 904 2068; x_wconf 88' lang='lat' dir='ltr'><strong>potuit</strong></span> <span class='ocrx_word' id='word_1_182' title='bbox 924 1981 1125 2048; x_wconf 88' lang='lat' dir='ltr'><strong>Henrichum</strong></span> <span class='ocrx_word' id='word_1_183' title='bbox 1153 2001 1265 2064; x_wconf 85' lang='lat' dir='ltr'><strong>regem</strong></span> 
     </span>
     <span class='ocr_line' id='line_1_21' title="bbox 146 2061 1265 2153; baseline 0 -24"><span class='ocrx_word' id='word_1_184' title='bbox 146 2064 309 2144; x_wconf 88' lang='lat' dir='ltr'><strong>damnare,</strong></span> <span class='ocrx_word' id='word_1_185' title='bbox 334 2063 390 2148; x_wconf 92' lang='lat' dir='ltr'><strong>qui</strong></span> <span class='ocrx_word' id='word_1_186' title='bbox 404 2072 490 2127; x_wconf 88' lang='lat' dir='ltr'><strong>certe</strong></span> <span class='ocrx_word' id='word_1_187' title='bbox 511 2061 573 2126; x_wconf 91' lang='lat' dir='ltr'><strong>hoc</strong></span> <span class='ocrx_word' id='word_1_188' title='bbox 595 2061 711 2146; x_wconf 84' lang='lat' dir='ltr'><strong>studet,</strong></span> <span class='ocrx_word' id='word_1_189' title='bbox 732 2064 794 2128; x_wconf 89' lang='lat' dir='ltr'><strong>hoo</strong></span> <span class='ocrx_word' id='word_1_190' title='bbox 810 2076 900 2153; x_wconf 91' lang='lat' dir='ltr'><strong>optat</strong></span> <span class='ocrx_word' id='word_1_191' title='bbox 922 2075 953 2132; x_wconf 87' lang='lat' dir='ltr'><strong>et</strong></span> <span class='ocrx_word' id='word_1_192' title='bbox 968 2067 1109 2130; x_wconf 89' lang='lat' dir='ltr'><strong>maxime</strong></span> <span class='ocrx_word' id='word_1_193' title='bbox 1130 2062 1265 2147; x_wconf 88' lang='lat' dir='ltr'><strong>laborat,</strong></span> 
     </span>
     <span class='ocr_line' id='line_1_22' title="bbox 144 2144 1266 2238; baseline 0 -26"><span class='ocrx_word' id='word_1_194' title='bbox 144 2157 183 2212; x_wconf 88' lang='lat' dir='ltr'><strong>ut</strong></span> <span class='ocrx_word' id='word_1_195' title='bbox 203 2149 260 2212; x_wconf 86' lang='lat' dir='ltr'><strong>fiat</strong></span> <span class='ocrx_word' id='word_1_196' title='bbox 280 2169 380 2210; x_wconf 91' lang='lat' dir='ltr'><strong>unum</strong></span> <span class='ocrx_word' id='word_1_197' title='bbox 396 2168 515 2232; x_wconf 88' lang='lat' dir='ltr'><strong>corpus</strong></span> <span class='ocrx_word' id='word_1_198' title='bbox 530 2144 695 2230; x_wconf 86' lang='lat' dir='ltr'><strong>ecelesiae,</strong></span> <span class='ocrx_word' id='word_1_199' title='bbox 718 2151 869 2236; x_wconf 85' lang='lat' dir='ltr'><strong>quatinus</strong></span> <span class='ocrx_word' id='word_1_200' title='bbox 890 2151 1024 2238; x_wconf 89' lang='lat' dir='ltr'><strong>perinde</strong></span> <span class='ocrx_word' id='word_1_201' title='bbox 1046 2151 1142 2215; x_wconf 86' lang='lat' dir='ltr'><strong>etiam</strong></span> <span class='ocrx_word' id='word_1_202' title='bbox 1162 2149 1266 2234; x_wconf 86' lang='lat' dir='ltr'><strong>possit</strong></span> 
     </span>
     <span class='ocr_line' id='line_1_23' title="bbox 144 2229 1265 2330; baseline 0 -34"><span class='ocrx_word' id='word_1_203' title='bbox 144 2233 216 2298; x_wconf 90' lang='lat' dir='ltr'><strong>fieri</strong></span> <span class='ocrx_word' id='word_1_204' title='bbox 243 2253 345 2296; x_wconf 91' lang='lat' dir='ltr'><strong>unum</strong></span> <span class='ocrx_word' id='word_1_205' title='bbox 372 2251 489 2330; x_wconf 88' lang='lat' dir='ltr'><strong>corpus</strong></span> <span class='ocrx_word' id='word_1_206' title='bbox 510 2231 557 2295; x_wconf 90' lang='lat' dir='ltr'><strong>rei</strong></span> <span class='ocrx_word' id='word_1_207' title='bbox 578 2229 743 2316; x_wconf 82' lang='lat' dir='ltr'><strong>publicae3</strong></span> <span class='ocrx_word' id='word_1_208' title='bbox 771 2233 866 2300; x_wconf 85' lang='lat' dir='ltr'><strong>fuerit</strong></span> <span class='ocrx_word' id='word_1_209' title='bbox 893 2258 970 2300; x_wconf 86' lang='lat' dir='ltr'><strong>sane</strong></span> <span class='ocrx_word' id='word_1_210' title='bbox 997 2257 1116 2316; x_wconf 87' lang='lat' dir='ltr'><strong>errans,</strong></span> <span class='ocrx_word' id='word_1_211' title='bbox 1138 2232 1265 2320; x_wconf 90' lang='lat' dir='ltr'><strong>qualem</strong></span> 
     </span>
     <span class='ocr_line' id='line_1_24' title="bbox 145 2313 1266 2405; baseline 0.002 -23"><span class='ocrx_word' id='word_1_212' title='bbox 145 2316 299 2382; x_wconf 79' lang='lat' dir='ltr'><strong>describit</strong></span> <span class='ocrx_word' id='word_1_213' title='bbox 328 2313 498 2381; x_wconf 80' lang='lat' dir='ltr'><strong>Gelasrus⁵</strong></span> <span class='ocrx_word' id='word_1_214' title='bbox 525 2336 612 2400; x_wconf 88' lang='lat' dir='ltr'><strong>papa</strong></span> <span class='ocrx_word' id='word_1_215' title='bbox 642 2337 707 2380; x_wconf 89' lang='lat' dir='ltr'><strong>non</strong></span> <span class='ocrx_word' id='word_1_216' title='bbox 738 2338 834 2402; x_wconf 90' lang='lat' dir='ltr'><strong>posse</strong></span> <span class='ocrx_word' id='word_1_217' title='bbox 867 2323 935 2385; x_wconf 91' lang='lat' dir='ltr'><strong>sine</strong></span> <span class='ocrx_word' id='word_1_218' title='bbox 963 2341 1068 2405; x_wconf 89' lang='lat' dir='ltr'><strong>poena</strong></span> <span class='ocrx_word' id='word_1_219' title='bbox 1100 2340 1181 2382; x_wconf 88' lang='lat' dir='ltr'><strong>esse.</strong></span> <span class='ocrx_word' id='word_1_220' title='bbox 1224 2330 1266 2384; x_wconf 76' lang='lat' dir='ltr'><strong>Sit</strong></span> 
     </span>
     <span class='ocr_line' id='line_1_25' title="bbox 143 2400 1266 2486; baseline 0.005 -24"><span class='ocrx_word' id='word_1_221' title='bbox 143 2416 236 2486; x_wconf 63' lang='lat' dir='ltr'><strong>ipim,</strong></span> <span class='ocrx_word' id='word_1_222' title='bbox 255 2400 369 2486; x_wconf 78' lang='lat' dir='ltr'><strong>inquit,</strong></span> <span class='ocrx_word' id='word_1_223' title='bbox 392 2413 494 2467; x_wconf 75' lang='lat' dir='ltr'><strong>monti</strong></span> <span class='ocrx_word' id='word_1_224' title='bbox 511 2413 585 2464; x_wconf 82' lang='lat' dir='ltr'><strong>dicto</strong></span> <span class='ocrx_word' id='word_1_225' title='bbox 601 2431 689 2479; x_wconf 82' lang='lat' dir='ltr'><strong>poeno</strong></span> <span class='ocrx_word' id='word_1_226' title='bbox 700 2417 765 2482; x_wconf 84' lang='lat' dir='ltr'><strong>fore</strong></span> <span class='ocrx_word' id='word_1_227' title='bbox 778 2425 921 2486; x_wconf 77' lang='lat' dir='ltr'><strong>perpetua,</strong></span> <span class='ocrx_word' id='word_1_228' title='bbox 937 2419 970 2469; x_wconf 78' lang='lat' dir='ltr'><strong>su</strong></span> <span class='ocrx_word' id='word_1_229' title='bbox 989 2417 1091 2470; x_wconf 75' lang='lat' dir='ltr'><strong>aranti</strong></span> <span class='ocrx_word' id='word_1_230' title='bbox 1106 2417 1178 2468; x_wconf 83' lang='lat' dir='ltr'><strong>dicta</strong></span> <span class='ocrx_word' id='word_1_231' title='bbox 1195 2433 1266 2468; x_wconf 78' lang='lat' dir='ltr'><strong>aaa·</strong></span> 
     </span>
     <span class='ocr_line' id='line_1_26' title="bbox 145 2486 1267 2558; baseline -0.002 -16"><span class='ocrx_word' id='word_1_232' title='bbox 145 2507 228 2558; x_wconf 79' lang='lat' dir='ltr'><strong>quem</strong></span> <span class='ocrx_word' id='word_1_233' title='bbox 251 2507 306 2542; x_wconf 80' lang='lat' dir='ltr'><strong>erse</strong></span> <span class='ocrx_word' id='word_1_234' title='bbox 328 2489 471 2550; x_wconf 72' lang='lat' dir='ltr'><strong>rctvmtda5</strong></span> <span class='ocrx_word' id='word_1_235' title='bbox 489 2503 544 2553; x_wconf 75' lang='lat' dir='ltr'><strong>qua</strong></span> <span class='ocrx_word' id='word_1_236' title='bbox 568 2486 592 2538; x_wconf 83' lang='lat' dir='ltr'><strong>si</strong></span> <span class='ocrx_word' id='word_1_237' title='bbox 610 2503 704 2539; x_wconf 74' lang='lat' dir='ltr'><strong>orrum</strong></span> <span class='ocrx_word' id='word_1_238' title='bbox 729 2507 784 2542; x_wconf 82' lang='lat' dir='ltr'><strong>esse</strong></span> <span class='ocrx_word' id='word_1_239' title='bbox 809 2492 944 2556; x_wconf 73' lang='lat' dir='ltr'><strong>destiter-it,</strong></span> <span class='ocrx_word' id='word_1_240' title='bbox 958 2508 1058 2556; x_wconf 84' lang='lat' dir='ltr'><strong>poeno,</strong></span> <span class='ocrx_word' id='word_1_241' title='bbox 1076 2507 1145 2556; x_wconf 78' lang='lat' dir='ltr'><strong>quae</strong></span> <span class='ocrx_word' id='word_1_242' title='bbox 1164 2489 1267 2542; x_wconf 80' lang='lat' dir='ltr'><strong>erranti</strong></span> 
     </span>
     <span class='ocr_line' id='line_1_27' title="bbox 146 2561 1265 2630; baseline -0.001 -14"><span class='ocrx_word' id='word_1_243' title='bbox 146 2570 187 2616; x_wconf 81' lang='lat' dir='ltr'><strong>eet</strong></span> <span class='ocrx_word' id='word_1_244' title='bbox 201 2564 326 2630; x_wconf 74' lang='lat' dir='ltr'><strong>praefica</strong></span> <span class='ocrx_word' id='word_1_245' title='bbox 342 2567 482 2630; x_wconf 78' lang='lat' dir='ltr'><strong>perpetua,</strong></span> <span class='ocrx_word' id='word_1_246' title='bbox 500 2577 554 2611; x_wconf 81' lang='lat' dir='ltr'><strong>noo</strong></span> <span class='ocrx_word' id='word_1_247' title='bbox 573 2562 683 2625; x_wconf 76' lang='lat' dir='ltr'><strong>munti,</strong></span> <span class='ocrx_word' id='word_1_248' title='bbox 701 2561 732 2614; x_wconf 80' lang='lat' dir='ltr'><strong>id</strong></span> <span class='ocrx_word' id='word_1_249' title='bbox 750 2571 788 2616; x_wconf 79' lang='lat' dir='ltr'><strong>ert</strong></span> <span class='ocrx_word' id='word_1_250' title='bbox 806 2565 904 2616; x_wconf 77' lang='lat' dir='ltr'><strong>aliter⁰</strong></span> <span class='ocrx_word' id='word_1_251' title='bbox 922 2566 1009 2630; x_wconf 80' lang='lat' dir='ltr'><strong>effecto</strong></span> <span class='ocrx_word' id='word_1_252' title='bbox 1028 2581 1109 2630; x_wconf 77' lang='lat' dir='ltr'><strong>quarn</strong></span> <span class='ocrx_word' id='word_1_253' title='bbox 1127 2563 1171 2616; x_wconf 84' lang='lat' dir='ltr'><strong>cui</strong></span> <span class='ocrx_word' id='word_1_254' title='bbox 1184 2580 1265 2630; x_wconf 81' lang='lat' dir='ltr'><strong>prac-</strong></span> 
     </span>
     <span class='ocr_line' id='line_1_28' title="bbox 138 2636 1264 2708; baseline 0 -22"><span class='ocrx_word' id='word_1_255' title='bbox 138 2639 204 2708; x_wconf 69' lang='lat' dir='ltr'><strong>fiua</strong></span> <span class='ocrx_word' id='word_1_256' title='bbox 223 2645 268 2701; x_wconf 82' lang='lat' dir='ltr'><strong>est,</strong></span> <span class='ocrx_word' id='word_1_257' title='bbox 292 2655 346 2688; x_wconf 77' lang='lat' dir='ltr'><strong>stou</strong></span> <span class='ocrx_word' id='word_1_258' title='bbox 370 2637 454 2687; x_wconf 80' lang='lat' dir='ltr'><strong>colum</strong></span> <span class='ocrx_word' id='word_1_259' title='bbox 476 2651 531 2685; x_wconf 78' lang='lat' dir='ltr'><strong>nort</strong></span> <span class='ocrx_word' id='word_1_260' title='bbox 545 2640 632 2699; x_wconf 80' lang='lat' dir='ltr'><strong>potest</strong></span> <span class='ocrx_word' id='word_1_261' title='bbox 655 2651 711 2687; x_wconf 82' lang='lat' dir='ltr'><strong>erse</strong></span> <span class='ocrx_word' id='word_1_262' title='bbox 725 2647 865 2704; x_wconf 79' lang='lat' dir='ltr'><strong>perpetua,</strong></span> <span class='ocrx_word' id='word_1_263' title='bbox 891 2639 938 2690; x_wconf 78' lang='lat' dir='ltr'><strong>sed</strong></span> <span class='ocrx_word' id='word_1_264' title='bbox 956 2655 1004 2689; x_wconf 80' lang='lat' dir='ltr'><strong>aec</strong></span> <span class='ocrx_word' id='word_1_265' title='bbox 1023 2655 1078 2689; x_wconf 80' lang='lat' dir='ltr'><strong>esse</strong></span> <span class='ocrx_word' id='word_1_266' title='bbox 1095 2636 1151 2688; x_wconf 77' lang='lat' dir='ltr'><strong>iam</strong></span> <span class='ocrx_word' id='word_1_267' title='bbox 1165 2653 1264 2702; x_wconf 77' lang='lat' dir='ltr'><strong>poena.</strong></span> 
     </span>
     <span class='ocr_line' id='line_1_29' title="bbox 146 2704 1265 2778; baseline -0.002 -16"><span class='ocrx_word' id='word_1_268' title='bbox 146 2711 213 2762; x_wconf 83' lang='lat' dir='ltr'><strong>Noa</strong></span> <span class='ocrx_word' id='word_1_269' title='bbox 226 2719 264 2763; x_wconf 84' lang='lat' dir='ltr'><strong>eet</strong></span> <span class='ocrx_word' id='word_1_270' title='bbox 281 2710 351 2762; x_wconf 79' lang='lat' dir='ltr'><strong>enim</strong></span> <span class='ocrx_word' id='word_1_271' title='bbox 369 2710 435 2776; x_wconf 77' lang='lat' dir='ltr'><strong>ipse,</strong></span> <span class='ocrx_word' id='word_1_272' title='bbox 454 2705 498 2759; x_wconf 77' lang='lat' dir='ltr'><strong>eui</strong></span> <span class='ocrx_word' id='word_1_273' title='bbox 506 2707 632 2774; x_wconf 75' lang='lat' dir='ltr'><strong>praefluo</strong></span> <span class='ocrx_word' id='word_1_274' title='bbox 645 2714 697 2771; x_wconf 67' lang='lat' dir='ltr'><strong>esu·</strong></span> <span class='ocrx_word' id='word_1_275' title='bbox 715 2711 903 2763; x_wconf 66' lang='lat' dir='ltr'><strong>ementiendo</strong></span> <span class='ocrx_word' id='word_1_276' title='bbox 917 2711 1042 2778; x_wconf 72' lang='lat' dir='ltr'><strong>praefluo</strong></span> <span class='ocrx_word' id='word_1_277' title='bbox 1054 2718 1103 2774; x_wconf 81' lang='lat' dir='ltr'><strong>eet,</strong></span> <span class='ocrx_word' id='word_1_278' title='bbox 1121 2727 1176 2760; x_wconf 78' lang='lat' dir='ltr'><strong>uon</strong></span> <span class='ocrx_word' id='word_1_279' title='bbox 1187 2704 1265 2760; x_wconf 72' lang='lat' dir='ltr'><strong>nond</strong></span> 
     </span>
     <span class='ocr_line' id='line_1_30' title="bbox 145 2775 1265 2861; baseline -0.004 -15"><span class='ocrx_word' id='word_1_280' title='bbox 145 2791 257 2846; x_wconf 73' lang='lat' dir='ltr'><strong>measti.</strong></span> <span class='ocrx_word' id='word_1_281' title='bbox 297 2790 372 2855; x_wconf 77' lang='lat' dir='ltr'><strong>Quae</strong></span> <span class='ocrx_word' id='word_1_282' title='bbox 391 2791 468 2854; x_wconf 79' lang='lat' dir='ltr'><strong>euim,</strong></span> <span class='ocrx_word' id='word_1_283' title='bbox 487 2775 602 2860; x_wconf 76' lang='lat' dir='ltr'><strong>inquit,</strong></span> <span class='ocrx_word' id='word_1_284' title='bbox 627 2792 730 2842; x_wconf 73' lang='lat' dir='ltr'><strong>manti</strong></span> <span class='ocrx_word' id='word_1_285' title='bbox 745 2795 872 2861; x_wconf 72' lang='lat' dir='ltr'><strong>praefixa</strong></span> <span class='ocrx_word' id='word_1_286' title='bbox 888 2798 1019 2860; x_wconf 72' lang='lat' dir='ltr'><strong>perpetuu</strong></span> <span class='ocrx_word' id='word_1_287' title='bbox 1039 2800 1077 2844; x_wconf 83' lang='lat' dir='ltr'><strong>est</strong></span> <span class='ocrx_word' id='word_1_288' title='bbox 1096 2800 1120 2844; x_wconf 82' lang='lat' dir='ltr'><strong>et</strong></span> <span class='ocrx_word' id='word_1_289' title='bbox 1136 2799 1265 2858; x_wconf 76' lang='lat' dir='ltr'><strong>perpetuo</strong></span> 
     </span>
     <span class='ocr_line' id='line_1_31' title="bbox 144 2857 1266 2942; baseline -0.006 -15"><span class='ocrx_word' id='word_1_290' title='bbox 144 2871 302 2940; x_wconf 62' lang='lat' dir='ltr'><strong>constringit</strong></span> <span class='ocrx_word' id='word_1_291' title='bbox 329 2882 471 2936; x_wconf 72' lang='lat' dir='ltr'><strong>muntem,</strong></span> <span class='ocrx_word' id='word_1_292' title='bbox 499 2889 554 2924; x_wconf 80' lang='lat' dir='ltr'><strong>noo</strong></span> <span class='ocrx_word' id='word_1_293' title='bbox 582 2882 713 2925; x_wconf 69' lang='lat' dir='ltr'><strong>montem</strong></span> <span class='ocrx_word' id='word_1_294' title='bbox 740 2894 795 2928; x_wconf 78' lang='lat' dir='ltr'><strong>noa</strong></span> <span class='ocrx_word' id='word_1_295' title='bbox 814 2881 901 2942; x_wconf 79' lang='lat' dir='ltr'><strong>potest</strong></span> <span class='ocrx_word' id='word_1_296' title='bbox 924 2874 980 2926; x_wconf 83' lang='lat' dir='ltr'><strong>iam</strong></span> <span class='ocrx_word' id='word_1_297' title='bbox 1005 2881 1100 2926; x_wconf 77' lang='lat' dir='ltr'><strong>tenere.</strong></span> <span class='ocrx_word' id='word_1_298' title='bbox 1145 2857 1266 2924; x_wconf 73' lang='lat' dir='ltr'><strong>Contra</strong></span> 
     </span>
     <span class='ocr_line' id='line_1_32' title="bbox 144 2941 1267 3030; baseline 0 -24"><span class='ocrx_word' id='word_1_299' title='bbox 144 2941 226 3006; x_wconf 88' lang='lat' dir='ltr'><strong>haec</strong></span> <span class='ocrx_word' id='word_1_300' title='bbox 246 2951 431 3005; x_wconf 85' lang='lat' dir='ltr'><strong>sanctorum</strong></span> <span class='ocrx_word' id='word_1_301' title='bbox 453 2949 582 3026; x_wconf 86' lang='lat' dir='ltr'><strong>patrum</strong></span> <span class='ocrx_word' id='word_1_302' title='bbox 602 2942 785 3008; x_wconf 89' lang='lat' dir='ltr'><strong>testimonia</strong></span> <span class='ocrx_word' id='word_1_303' title='bbox 805 2946 833 3008; x_wconf 92' lang='lat' dir='ltr'><strong>si</strong></span> <span class='ocrx_word' id='word_1_304' title='bbox 848 2945 926 3030; x_wconf 91' lang='lat' dir='ltr'><strong>quid</strong></span> <span class='ocrx_word' id='word_1_305' title='bbox 940 2941 1144 3007; x_wconf 85' lang='lat' dir='ltr'><strong>adversarius</strong></span> <span class='ocrx_word' id='word_1_306' title='bbox 1158 2953 1267 3008; x_wconf 87' lang='lat' dir='ltr'><strong>noster</strong></span> 
     </span>
     <span class='ocr_line' id='line_1_33' title="bbox 145 3024 1265 3114; baseline 0 -24"><span class='ocrx_word' id='word_1_307' title='bbox 145 3048 198 3090; x_wconf 88' lang='lat' dir='ltr'><strong>res</strong></span> <span class='ocrx_word' id='word_1_308' title='bbox 223 3024 341 3089; x_wconf 87' lang='lat' dir='ltr'><strong>cudere</strong></span> <span class='ocrx_word' id='word_1_309' title='bbox 368 3024 495 3106; x_wconf 88' lang='lat' dir='ltr'><strong>babeat,</strong></span> <span class='ocrx_word' id='word_1_310' title='bbox 523 3025 621 3108; x_wconf 87' lang='lat' dir='ltr'><strong>dicat,</strong></span> <span class='ocrx_word' id='word_1_311' title='bbox 650 3027 705 3110; x_wconf 90' lang='lat' dir='ltr'><strong>qui</strong></span> <span class='ocrx_word' id='word_1_312' title='bbox 734 3051 768 3093; x_wconf 85' lang='lat' dir='ltr'><strong>se</strong></span> <span class='ocrx_word' id='word_1_313' title='bbox 788 3029 888 3093; x_wconf 87' lang='lat' dir='ltr'><strong>iactat</strong></span> <span class='ocrx_word' id='word_1_314' title='bbox 907 3049 1003 3114; x_wconf 90' lang='lat' dir='ltr'><strong>posse</strong></span> <span class='ocrx_word' id='word_1_315' title='bbox 1024 3025 1118 3091; x_wconf 90' lang='lat' dir='ltr'><strong>nobis</strong></span> <span class='ocrx_word' id='word_1_316' title='bbox 1139 3050 1198 3114; x_wconf 90' lang='lat' dir='ltr'><strong>per</strong></span> <span class='ocrx_word' id='word_1_317' title='bbox 1218 3027 1265 3090; x_wconf 93' lang='lat' dir='ltr'><strong>in-</strong></span> 
     </span>
     <span class='ocr_line' id='line_1_34' title="bbox 145 3048 1265 3210; baseline 0.002 -36"><span class='ocrx_word' id='word_1_318' title='bbox 145 3048 312 3175; x_wconf 72' lang='lat' dir='ltr'><strong>troductas</strong></span> <span class='ocrx_word' id='word_1_319' title='bbox 333 3131 440 3173; x_wconf 86' lang='lat' dir='ltr'><strong>rerum</strong></span> <span class='ocrx_word' id='word_1_320' title='bbox 455 3108 602 3174; x_wconf 81' lang='lat' dir='ltr'><strong>historias</strong></span> <span class='ocrx_word' id='word_1_321' title='bbox 623 3109 786 3176; x_wconf 89' lang='lat' dir='ltr'><strong>silentium</strong></span> <span class='ocrx_word' id='word_1_322' title='bbox 806 3113 981 3198; x_wconf 88' lang='lat' dir='ltr'><strong>imponere,</strong></span> <span class='ocrx_word' id='word_1_323' title='bbox 1004 3112 1061 3210; x_wconf 80' lang='lat' dir='ltr'><strong>qui</strong></span> <span class='ocrx_word' id='word_1_324' title='bbox 1081 3121 1170 3176; x_wconf 83' lang='lat' dir='ltr'><strong>tanto</strong></span> <span class='ocrx_word' id='word_1_325' title='bbox 1192 3109 1265 3198; x_wconf 89' lang='lat' dir='ltr'><strong>plus</strong></span> 
     </span>
     <span class='ocr_line' id='line_1_35' title="bbox 144 3191 1265 3283; baseline 0.002 -25"><span class='ocrx_word' id='word_1_326' title='bbox 144 3215 206 3258; x_wconf 86' lang='lat' dir='ltr'><strong>nos</strong></span> <span class='ocrx_word' id='word_1_327' title='bbox 235 3203 366 3258; x_wconf 87' lang='lat' dir='ltr'><strong>exercet</strong></span> <span class='ocrx_word' id='word_1_328' title='bbox 391 3214 450 3258; x_wconf 87' lang='lat' dir='ltr'><strong>sua</strong></span> <span class='ocrx_word' id='word_1_329' title='bbox 477 3191 648 3276; x_wconf 88' lang='lat' dir='ltr'><strong>locutione,</strong></span> <span class='ocrx_word' id='word_1_330' title='bbox 677 3205 795 3281; x_wconf 88' lang='lat' dir='ltr'><strong>quanto</strong></span> <span class='ocrx_word' id='word_1_331' title='bbox 822 3196 895 3283; x_wconf 86' lang='lat' dir='ltr'><strong>plus</strong></span> <span class='ocrx_word' id='word_1_332' title='bbox 917 3195 970 3261; x_wconf 88' lang='lat' dir='ltr'><strong>illc</strong></span> <span class='ocrx_word' id='word_1_333' title='bbox 990 3195 1121 3260; x_wconf 88' lang='lat' dir='ltr'><strong>vrdetur</strong></span> <span class='ocrx_word' id='word_1_334' title='bbox 1142 3217 1265 3278; x_wconf 83' lang='lat' dir='ltr'><strong>errare3</strong></span> 
     </span>
     <span class='ocr_line' id='line_1_36' title="bbox 145 3276 1294 3366; baseline 0.007 -24"><span class='ocrx_word' id='word_1_335' title='bbox 145 3276 237 3366; x_wconf 89' lang='lat' dir='ltr'><strong>quod</strong></span> <span class='ocrx_word' id='word_1_336' title='bbox 275 3278 372 3342; x_wconf 88' lang='lat' dir='ltr'><strong>etiarn</strong></span> <span class='ocrx_word' id='word_1_337' title='bbox 406 3299 507 3341; x_wconf 91' lang='lat' dir='ltr'><strong>unum</strong></span> <span class='ocrx_word' id='word_1_338' title='bbox 545 3299 616 3342; x_wconf 87' lang='lat' dir='ltr'><strong>csse</strong></span> <span class='ocrx_word' id='word_1_339' title='bbox 651 3278 844 3346; x_wconf 88' lang='lat' dir='ltr'><strong>beneficium</strong></span> <span class='ocrx_word' id='word_1_340' title='bbox 883 3280 1010 3346; x_wconf 82' lang='lat' dir='ltr'><strong>divinae</strong></span> <span class='ocrx_word' id='word_1_341' title='bbox 1045 3280 1266 3364; x_wconf 87' lang='lat' dir='ltr'><strong>providentiae</strong></span> <span class='ocrx_word' id='word_1_342' title='bbox 1292 3347 1294 3350; x_wconf 84' lang='lat'>.</span> 
     </span>
    </p>
   </div>
   <div class='ocr_carea' id='block_1_5' title="bbox 143 3362 1268 3670">
    <p class='ocr_par' dir='ltr' id='par_1_5' title="bbox 143 3362 1268 3670">
     <span class='ocr_line' id='line_1_37' title="bbox 145 3362 1266 3448; baseline 0.004 -22"><span class='ocrx_word' id='word_1_343' title='bbox 145 3370 316 3428; x_wconf 86' lang='lat' dir='ltr'><strong>attestatur</strong></span> <span class='ocrx_word' id='word_1_344' title='bbox 337 3371 466 3426; x_wconf 76' lang='lat' dir='ltr'><strong>sanctus</strong></span> <span class='ocrx_word' id='word_1_345' title='bbox 488 3362 690 3446; x_wconf 87' lang='lat' dir='ltr'><strong>Augustinus</strong></span> <span class='ocrx_word' id='word_1_346' title='bbox 698 3375 721 3445; x_wconf 81' lang='lat'><strong>⁶,</strong></span> <span class='ocrx_word' id='word_1_347' title='bbox 742 3389 772 3432; x_wconf 73' lang='lat' dir='ltr'><strong>at</strong></span> <span class='ocrx_word' id='word_1_348' title='bbox 798 3381 844 3447; x_wconf 73' lang='lat' dir='ltr'><strong>qai</strong></span> <span class='ocrx_word' id='word_1_349' title='bbox 860 3379 934 3448; x_wconf 71' lang='lat' dir='ltr'><strong>foris</strong></span> <span class='ocrx_word' id='word_1_350' title='bbox 958 3384 1020 3430; x_wconf 70' lang='lat' dir='ltr'><strong>suu</strong></span> <span class='ocrx_word' id='word_1_351' title='bbox 1039 3377 1186 3444; x_wconf 74' lang='lat' dir='ltr'><strong>plurimum</strong></span> <span class='ocrx_word' id='word_1_352' title='bbox 1201 3395 1266 3444; x_wconf 77' lang='lat' dir='ltr'><strong>pro-</strong></span> 
     </span>
     <span class='ocr_line' id='line_1_38' title="bbox 145 3452 1267 3519; baseline 0 -15"><span class='ocrx_word' id='word_1_353' title='bbox 145 3452 201 3504; x_wconf 81' lang='lat' dir='ltr'><strong>riut</strong></span> <span class='ocrx_word' id='word_1_354' title='bbox 212 3452 348 3519; x_wconf 75' lang='lat' dir='ltr'><strong>fidelibus,</strong></span> <span class='ocrx_word' id='word_1_355' title='bbox 374 3469 428 3503; x_wconf 80' lang='lat' dir='ltr'><strong>aon</strong></span> <span class='ocrx_word' id='word_1_356' title='bbox 443 3469 535 3505; x_wconf 80' lang='lat' dir='ltr'><strong>oerum</strong></span> <span class='ocrx_word' id='word_1_357' title='bbox 555 3453 626 3518; x_wconf 79' lang='lat' dir='ltr'><strong>quod</strong></span> <span class='ocrx_word' id='word_1_358' title='bbox 644 3454 764 3507; x_wconf 64' lang='lat' dir='ltr'><strong>beamont</strong></span> <span class='ocrx_word' id='word_1_359' title='bbox 787 3455 913 3518; x_wconf 76' lang='lat' dir='ltr'><strong>docendo,</strong></span> <span class='ocrx_word' id='word_1_360' title='bbox 938 3453 987 3504; x_wconf 81' lang='lat' dir='ltr'><strong>sed</strong></span> <span class='ocrx_word' id='word_1_361' title='bbox 1013 3453 1050 3503; x_wconf 84' lang='lat' dir='ltr'><strong>ad</strong></span> <span class='ocrx_word' id='word_1_362' title='bbox 1071 3469 1162 3504; x_wconf 81' lang='lat' dir='ltr'><strong>oerum</strong></span> <span class='ocrx_word' id='word_1_363' title='bbox 1184 3469 1267 3518; x_wconf 76' lang='lat' dir='ltr'><strong>quoe-</strong></span> 
     </span>
     <span class='ocr_line' id='line_1_39' title="bbox 146 3524 1268 3592; baseline 0 -14"><span class='ocrx_word' id='word_1_364' title='bbox 146 3527 260 3578; x_wconf 82' lang='lat' dir='ltr'><strong>rendum</strong></span> <span class='ocrx_word' id='word_1_365' title='bbox 288 3531 311 3577; x_wconf 87' lang='lat' dir='ltr'><strong>et</strong></span> <span class='ocrx_word' id='word_1_366' title='bbox 336 3525 373 3577; x_wconf 87' lang='lat' dir='ltr'><strong>ad</strong></span> <span class='ocrx_word' id='word_1_367' title='bbox 398 3542 489 3577; x_wconf 79' lang='lat' dir='ltr'><strong>uerum</strong></span> <span class='ocrx_word' id='word_1_368' title='bbox 516 3525 690 3590; x_wconf 77' lang='lat' dir='ltr'><strong>aperiendum</strong></span> <span class='ocrx_word' id='word_1_369' title='bbox 716 3527 855 3580; x_wconf 78' lang='lat' dir='ltr'><strong>catholicos</strong></span> <span class='ocrx_word' id='word_1_370' title='bbox 881 3525 1030 3588; x_wconf 73' lang='lat' dir='ltr'><strong>excitando,</strong></span> <span class='ocrx_word' id='word_1_371' title='bbox 1057 3543 1091 3578; x_wconf 80' lang='lat' dir='ltr'><strong>ae</strong></span> <span class='ocrx_word' id='word_1_372' title='bbox 1118 3524 1268 3592; x_wconf 67' lang='lat' dir='ltr'><strong>inperitiae</strong></span> 
     </span>
     <span class='ocr_line' id='line_1_40' title="bbox 143 3598 1268 3670; baseline 0 -19"><span class='ocrx_word' id='word_1_373' title='bbox 143 3605 254 3651; x_wconf 75' lang='lat' dir='ltr'><strong>nostrae</strong></span> <span class='ocrx_word' id='word_1_374' title='bbox 279 3599 391 3652; x_wconf 76' lang='lat' dir='ltr'><strong>tenebris</strong></span> <span class='ocrx_word' id='word_1_375' title='bbox 416 3599 538 3651; x_wconf 81' lang='lat' dir='ltr'><strong>delectati</strong></span> <span class='ocrx_word' id='word_1_376' title='bbox 562 3599 678 3652; x_wconf 76' lang='lat' dir='ltr'><strong>dormire</strong></span> <span class='ocrx_word' id='word_1_377' title='bbox 702 3599 788 3670; x_wconf 75' lang='lat' dir='ltr'><strong>mapis</strong></span> <span class='ocrx_word' id='word_1_378' title='bbox 807 3601 926 3664; x_wconf 80' lang='lat' dir='ltr'><strong>velimus,</strong></span> <span class='ocrx_word' id='word_1_379' title='bbox 946 3616 1027 3666; x_wconf 80' lang='lat' dir='ltr'>quum</span> <span class='ocrx_word' id='word_1_380' title='bbox 1046 3599 1129 3651; x_wconf 83' lang='lat' dir='ltr'><strong>lucem</strong></span> <span class='ocrx_word' id='word_1_381' title='bbox 1147 3598 1268 3652; x_wconf 79' lang='lat' dir='ltr'><strong>ueritatis</strong></span> 
     </span>
    </p>
   </div>
   <div class='ocr_carea' id='block_1_6' title="bbox 145 3667 1269 3751">
    <p class='ocr_par' dir='ltr' id='par_1_6' title="bbox 145 3667 1269 3751">
     <span class='ocr_line' id='line_1_41' title="bbox 145 3667 1269 3751; baseline 0 -17"><span class='ocrx_word' id='word_1_382' title='bbox 145 3683 255 3734; x_wconf 64' lang='lat' dir='ltr'><strong>intumi.</strong></span> <span class='ocrx_word' id='word_1_383' title='bbox 285 3679 339 3734; x_wconf 79' lang='lat' dir='ltr'><strong>Sed</strong></span> <span class='ocrx_word' id='word_1_384' title='bbox 358 3690 388 3732; x_wconf 81' lang='lat' dir='ltr'><strong>ut</strong></span> <span class='ocrx_word' id='word_1_385' title='bbox 406 3680 477 3744; x_wconf 73' lang='lat' dir='ltr'><strong>huic,</strong></span> <span class='ocrx_word' id='word_1_386' title='bbox 496 3667 610 3751; x_wconf 85' lang='lat' dir='ltr'><strong>inquit,</strong></span> <span class='ocrx_word' id='word_1_387' title='bbox 632 3684 811 3749; x_wconf 73' lang='lat' dir='ltr'><strong>querirnoniae</strong></span> <span class='ocrx_word' id='word_1_388' title='bbox 828 3683 961 3736; x_wconf 77' lang='lat' dir='ltr'><strong>silentium</strong></span> <span class='ocrx_word' id='word_1_389' title='bbox 974 3683 1121 3748; x_wconf 72' lang='lat' dir='ltr'><strong>imponant,</strong></span> <span class='ocrx_word' id='word_1_390' title='bbox 1140 3681 1269 3735; x_wconf 78' lang='lat' dir='ltr'><strong>inclinent</strong></span> 
     </span>
    </p>
   </div>
   <div class='ocr_carea' id='block_1_7' title="bbox 146 3864 1268 3964">
    <p class='ocr_par' dir='ltr' id='par_1_7' title="bbox 146 3864 1268 3964">
     <span class='ocr_line' id='line_1_42' title="bbox 146 3864 1268 3963; baseline 0.002 -59"><span class='ocrx_word' id='word_1_391' title='bbox 146 3864 282 3963; x_wconf 47' lang='lat' dir='ltr'><strong>spidvprbum</strong></span> <span class='ocrx_word' id='word_1_392' title='bbox 299 3864 355 3916; x_wconf 70' lang='lat' dir='ltr'>Aua.</span> <span class='ocrx_word' id='word_1_393' title='bbox 430 3865 455 3918; x_wconf 90' lang='grc'><strong>6)</strong></span> <span class='ocrx_word' id='word_1_394' title='bbox 471 3876 517 3916; x_wconf 88' lang='lat' dir='ltr'><strong>quo</strong></span> <span class='ocrx_word' id='word_1_395' title='bbox 532 3866 590 3917; x_wconf 65' lang='lat' dir='ltr'><strong>Aac.</strong></span> <span class='ocrx_word' id='word_1_396' title='bbox 666 3865 688 3918; x_wconf 87' lang='lat' dir='ltr'><strong>e)</strong></span> <span class='ocrx_word' id='word_1_397' title='bbox 704 3867 775 3907; x_wconf 71' lang='lat' dir='ltr'><strong>elteri</strong></span> <span class='ocrx_word' id='word_1_398' title='bbox 790 3867 861 3908; x_wconf 71' lang='lat' dir='ltr'><strong>Gelae,</strong></span> <span class='ocrx_word' id='word_1_399' title='bbox 942 3865 966 3918; x_wconf 83' lang='lat' dir='ltr'><strong>d)</strong></span> <span class='ocrx_word' id='word_1_400' title='bbox 982 3867 1038 3906; x_wconf 73' lang='lat' dir='ltr'><strong>deest</strong></span> <span class='ocrx_word' id='word_1_401' title='bbox 1055 3869 1074 3914; x_wconf 85' lang='lat'><strong>1,</strong></span> <span class='ocrx_word' id='word_1_402' title='bbox 1090 3868 1128 3906; x_wconf 78' lang='lat' dir='ltr'><strong>red</strong></span> <span class='ocrx_word' id='word_1_403' title='bbox 1143 3868 1187 3908; x_wconf 82' lang='lat' dir='ltr'><strong>tem</strong></span> <span class='ocrx_word' id='word_1_404' title='bbox 1203 3867 1268 3906; x_wconf 63' lang='lat' dir='ltr'><strong>uret.</strong></span> 
     </span>
     <span class='ocr_line' id='line_1_43' title="bbox 147 3925 239 3964; baseline 0 0"><span class='ocrx_word' id='word_1_405' title='bbox 147 3935 162 3964; x_wconf 83' lang='lat' dir='ltr'><strong>a</strong></span> <span class='ocrx_word' id='word_1_406' title='bbox 192 3925 239 3964; x_wconf 80' lang='lat' dir='ltr'><strong>iu.</strong></span> 
     </span>
    </p>
   </div>
   <div class='ocr_carea' id='block_1_8' title="bbox 133 4089 1269 4382">
    <p class='ocr_par' dir='ltr' id='par_1_8' title="bbox 133 4089 1269 4382">
     <span class='ocr_line' id='line_1_44' title="bbox 150 4089 1268 4162; baseline 0.003 -21"><span class='ocrx_word' id='word_1_407' title='bbox 150 4089 179 4158; x_wconf 94' lang='lat'><strong>1)</strong></span> <span class='ocrx_word' id='word_1_408' title='bbox 195 4093 227 4143; x_wconf 90' lang='lat' dir='ltr'><strong>L.</strong></span> <span class='ocrx_word' id='word_1_409' title='bbox 242 4108 265 4142; x_wconf 88' lang='lat' dir='ltr'><strong>o.</strong></span> <span class='ocrx_word' id='word_1_410' title='bbox 281 4109 309 4160; x_wconf 88' lang='lat' dir='ltr'><strong>p.</strong></span> <span class='ocrx_word' id='word_1_411' title='bbox 322 4093 385 4144; x_wconf 82' lang='lat'>403.</span> <span class='ocrx_word' id='word_1_412' title='bbox 405 4093 467 4144; x_wconf 82' lang='lat'>404.</span> <span class='ocrx_word' id='word_1_413' title='bbox 543 4093 572 4158; x_wconf 80' lang='lat'><strong>2)</strong></span> <span class='ocrx_word' id='word_1_414' title='bbox 588 4093 731 4158; x_wconf 79' lang='lat' dir='ltr'><strong>Augustini</strong></span> <span class='ocrx_word' id='word_1_415' title='bbox 750 4094 840 4162; x_wconf 84' lang='lat' dir='ltr'><strong>Opera</strong></span> <span class='ocrx_word' id='word_1_416' title='bbox 858 4096 912 4162; x_wconf 78' lang='lat'><strong>111,</strong></span> <span class='ocrx_word' id='word_1_417' title='bbox 923 4095 948 4158; x_wconf 79' lang='lat'><strong>2,</strong></span> <span class='ocrx_word' id='word_1_418' title='bbox 969 4112 996 4162; x_wconf 86' lang='lat' dir='ltr'><strong>p.</strong></span> <span class='ocrx_word' id='word_1_419' title='bbox 1007 4093 1071 4144; x_wconf 83' lang='grc'><strong>387.</strong></span> <span class='ocrx_word' id='word_1_420' title='bbox 1146 4093 1268 4160; x_wconf 83' lang='lat' dir='ltr'><strong>3)1bi‹1.</strong></span> 
     </span>
     <span class='ocr_line' id='line_1_45' title="bbox 146 4163 1269 4233; baseline 0.004 -19"><span class='ocrx_word' id='word_1_421' title='bbox 146 4183 173 4232; x_wconf 85' lang='lat' dir='ltr'><strong>p.</strong></span> <span class='ocrx_word' id='word_1_422' title='bbox 188 4165 251 4216; x_wconf 82' lang='lat'><strong>340.</strong></span> <span class='ocrx_word' id='word_1_423' title='bbox 308 4163 338 4231; x_wconf 83' lang='lat'><strong>4)</strong></span> <span class='ocrx_word' id='word_1_424' title='bbox 357 4166 481 4233; x_wconf 80' lang='lat' dir='ltr'><strong>Epistula</strong></span> <span class='ocrx_word' id='word_1_425' title='bbox 501 4165 605 4219; x_wconf 81' lang='lat' dir='ltr'><strong>Gelasii</strong></span> <span class='ocrx_word' id='word_1_426' title='bbox 624 4166 658 4217; x_wconf 88' lang='lat' dir='ltr'><strong>de</strong></span> <span class='ocrx_word' id='word_1_427' title='bbox 672 4167 851 4218; x_wconf 82' lang='lat' dir='ltr'><strong>anathematis</strong></span> <span class='ocrx_word' id='word_1_428' title='bbox 863 4167 972 4218; x_wconf 83' lang='lat' dir='ltr'><strong>vinculo</strong></span> <span class='ocrx_word' id='word_1_429' title='bbox 990 4183 1033 4233; x_wconf 89' lang='lat' dir='ltr'><strong>ap.</strong></span> <span class='ocrx_word' id='word_1_430' title='bbox 1047 4167 1144 4228; x_wconf 86' lang='lat' dir='ltr'><strong>Mansi,</strong></span> <span class='ocrx_word' id='word_1_431' title='bbox 1164 4165 1269 4218; x_wconf 76' lang='lat' dir='ltr'><strong>Concil.</strong></span> 
     </span>
     <span class='ocr_line' id='line_1_46' title="bbox 133 4239 1269 4308; baseline 0.002 -18"><span class='ocrx_word' id='word_1_432' title='bbox 133 4239 228 4308; x_wconf 80' lang='lat' dir='ltr'><strong>¹VIII,</strong></span> <span class='ocrx_word' id='word_1_433' title='bbox 246 4257 273 4307; x_wconf 89' lang='lat' dir='ltr'><strong>p.</strong></span> <span class='ocrx_word' id='word_1_434' title='bbox 288 4239 332 4292; x_wconf 88' lang='grc'><strong>88.</strong></span> <span class='ocrx_word' id='word_1_435' title='bbox 383 4241 411 4305; x_wconf 89' lang='grc'><strong>6)</strong></span> <span class='ocrx_word' id='word_1_436' title='bbox 430 4239 508 4291; x_wconf 88' lang='lat' dir='ltr'><strong>Thiel</strong></span> <span class='ocrx_word' id='word_1_437' title='bbox 528 4241 546 4292; x_wconf 89' lang='lat'><strong>1.</strong></span> <span class='ocrx_word' id='word_1_438' title='bbox 562 4256 586 4291; x_wconf 89' lang='lat' dir='ltr'><strong>e.</strong></span> <span class='ocrx_word' id='word_1_439' title='bbox 605 4246 671 4293; x_wconf 88' lang='lat' dir='ltr'><strong>tom.</strong></span> <span class='ocrx_word' id='word_1_440' title='bbox 684 4241 707 4306; x_wconf 94' lang='lat' dir='ltr'><strong>I,</strong></span> <span class='ocrx_word' id='word_1_441' title='bbox 726 4246 804 4293; x_wconf 84' lang='lat' dir='ltr'><strong>tract.</strong></span> <span class='ocrx_word' id='word_1_442' title='bbox 817 4242 865 4306; x_wconf 88' lang='lat' dir='ltr'><strong>IV,</strong></span> <span class='ocrx_word' id='word_1_443' title='bbox 884 4259 911 4308; x_wconf 90' lang='lat' dir='ltr'><strong>p.</strong></span> <span class='ocrx_word' id='word_1_444' title='bbox 925 4241 988 4292; x_wconf 88' lang='grc'><strong>660.</strong></span> <span class='ocrx_word' id='word_1_445' title='bbox 1007 4241 1071 4292; x_wconf 83' lang='grc'><strong>661.</strong></span> <span class='ocrx_word' id='word_1_446' title='bbox 1129 4241 1156 4305; x_wconf 93' lang='grc'><strong>6)</strong></span> <span class='ocrx_word' id='word_1_447' title='bbox 1176 4241 1269 4307; x_wconf 78' lang='lat' dir='ltr'>Augu·</span> 
     </span>
     <span class='ocr_line' id='line_1_47' title="bbox 148 4313 938 4382; baseline 0.004 -19"><span class='ocrx_word' id='word_1_448' title='bbox 148 4315 245 4374; x_wconf 77' lang='lat' dir='ltr'><strong>atinus,</strong></span> <span class='ocrx_word' id='word_1_449' title='bbox 264 4313 307 4363; x_wconf 86' lang='lat' dir='ltr'><strong>De</strong></span> <span class='ocrx_word' id='word_1_450' title='bbox 326 4329 391 4364; x_wconf 85' lang='lat' dir='ltr'><strong>vera</strong></span> <span class='ocrx_word' id='word_1_451' title='bbox 410 4313 542 4380; x_wconf 79' lang='lat' dir='ltr'><strong>reiigione</strong></span> <span class='ocrx_word' id='word_1_452' title='bbox 563 4331 587 4365; x_wconf 88' lang='lat' dir='ltr'><strong>c.</strong></span> <span class='ocrx_word' id='word_1_453' title='bbox 608 4315 657 4379; x_wconf 82' lang='lat'><strong>15;</strong></span> <span class='ocrx_word' id='word_1_454' title='bbox 677 4315 767 4382; x_wconf 87' lang='lat' dir='ltr'><strong>Opera</strong></span> <span class='ocrx_word' id='word_1_455' title='bbox 786 4315 809 4377; x_wconf 90' lang='grc' dir='ltr'><strong>Ι,</strong></span> <span class='ocrx_word' id='word_1_456' title='bbox 828 4333 854 4382; x_wconf 91' lang='lat' dir='ltr'><strong>p.</strong></span> <span class='ocrx_word' id='word_1_457' title='bbox 877 4316 938 4366; x_wconf 80' lang='grc'><strong>763.</strong></span> 
     </span>
    </p>
   </div>
   <div class='ocr_carea' id='block_1_9' title="bbox 1020 4399 1035 4446">
    <p class='ocr_par' dir='ltr' id='par_1_9' title="bbox 1020 4399 1035 4446">
     <span class='ocr_line' id='line_1_48' title="bbox 1020 4399 1035 4446; baseline 0 0"><span class='ocrx_word' id='word_1_458' title='bbox 1020 4399 1035 4446; x_wconf 92' lang='grc'><strong>6</strong></span> 
     </span>
    </p>
   </div>
   <div class='ocr_carea' id='block_1_10' title="bbox 0 0 1567 4822">
    <p class='ocr_par' dir='ltr' id='par_1_10' title="bbox 0 0 1567 4822">
     <span class='ocr_line' id='line_1_49' title="bbox 0 0 1567 4822; baseline 0 0"><span class='ocrx_word' id='word_1_459' title='bbox 0 0 1567 4822; x_wconf 95' lang='lat' dir='ltr'><strong> </strong></span> 
     </span>
    </p>
   </div>
  </div>
 </body>
</html>
