3116 4822
295 413 328 463 12
491 413 541 463 DE
562 412 719 464 UNITATE
739 411 943 463 ECOLESIAE
964 412 1241 464 CONSERVANDA.

294 578 483 645 humilitatis
512 581 659 666 impenso
693 579 824 662 destitit,
858 579 961 643 donec
992 581 1025 642 in
1057 581 1193 665 gratiam
1227 602 1301 643 curn
1331 602 1417 680 papa

294 666 390 730 rediit
427 675 459 729 et
490 664 533 728 ad
566 664 841 748 comprobandum
877 663 1114 730 ecclesiasticae
1149 664 1418 730 reconciliatonis

220 811 223 816 .
294 749 514 815 testimonium
552 769 677 812 sacram
714 748 970 812 communionem
1008 749 1152 834 corporis
1188 757 1220 813 et
1252 749 1418 834 sanguinis

295 833 429 897 Domini
451 831 491 897 de
514 855 613 896 manu
640 832 804 917 pontificis
833 834 969 918 accepit,
998 855 1142 897 mensam
1171 855 1244 897 cum
1267 855 1304 896 eo
1327 831 1418 914 adiit,

295 939 334 981 ac
356 915 472 982 deinde
494 915 646 980 dimissus
668 926 717 981 est
737 917 770 979 in
792 938 884 1002 pace,
907 915 1033 1004 qualem
1056 915 1176 981 scilicet
1190 939 1304 1002 pacem
1320 917 1418 980 Iudas

297 1000 471 1081 simulavit,
497 1022 562 1064 non
591 999 717 1088 qualern
746 999 893 1065 Christus
929 999 1067 1087 reliquit.
1110 999 1235 1066 Aderat
1267 1001 1352 1064 enim
1386 1009 1418 1065 et

294 1085 412 1170 legatio
441 1084 582 1148 hostium
610 1106 740 1147 suorum
769 1086 989 1170 quaerentium
1019 1085 1167 1150 omnibus
1197 1085 1301 1148 modis
1322 1086 1418 1148 inter-

296 1191 445 1255 rumpere
474 1169 590 1231 initum
622 1167 684 1232 boc
717 1167 986 1232 reconciliationis
1014 1181 1155 1254 pactum,
1185 1167 1303 1256 quibus
1332 1190 1419 1254 papa

296 1254 461 1339 rescripsit
486 1250 604 1316 talibus
633 1250 756 1315 verbis:
789 1253 840 1315 Ne
867 1251 1008 1333 solliciti,
1040 1254 1199 1338 inquiens,
1230 1256 1313 1334 silis,
1340 1276 1417 1338 quo-

297 1341 390 1402 niam
411 1335 658 1421 culpabiliorem
680 1359 751 1400 eum
773 1337 875 1399 reddo
898 1337 1017 1400 cobis1.
1057 1336 1151 1400 Oerte
1174 1336 1418 1422 culpabiliorem

297 1422 404 1486 facere
419 1420 569 1507 aliquem,
584 1421 756 1505 praecipue
771 1429 877 1484 autem
889 1442 1007 1504 regem,
1023 1441 1118 1505 quem
1158 1423 1293 1506 raecipit
1303 1421 1418 1485 Petrus

298 1505 463 1590 apostolus
496 1504 715 1584 honorificare,
749 1502 810 1567 hoo
844 1525 908 1566 non
938 1513 986 1568 est
1019 1525 1096 1567 oves
1126 1443 1245 1569 dhristi
1273 1526 1418 1590 pascere.

299 1587 564 1675 Oulpabiliorem,
591 1589 733 1671 inquam,
760 1587 865 1652 facere
887 1589 1061 1674 praecipue
1084 1611 1168 1668 eum,
1191 1611 1285 1675 quem
1309 1589 1419 1673 poeni-

298 1683 365 1738 teat
393 1671 586 1756 culpabilem
614 1672 763 1752 existere,
791 1672 853 1735 hoc
882 1693 947 1734 non
975 1683 1022 1736 est
1052 1673 1252 1737 sacerdotem
1284 1673 1417 1736 Domini

152 1777 378 1838 auersaesse,
411 1777 484 1820 oum
512 1758 582 1841 ipse
611 1757 643 1818 in
673 1755 841 1839 euangelio
864 1756 1025 1820 Dominus
1052 1756 1148 1840 dicat,
1171 1756 1328 1840 gaudium
1349 1757 1418 1819 fieri

297 1843 331 1904 in
360 1840 448 1904 caelo
482 1863 579 1925 super
611 1861 675 1903 uno
707 1849 876 1925 peccatore
904 1842 1132 1925 paenitentiam
1164 1849 1290 1926 agente,
1321 1861 1419 1926 quam

298 1947 398 2010 super
418 1926 593 2008 nonaginta
613 1945 730 1988 novem
752 1925 854 2006 iustis,
878 1926 933 2010 qui
954 1947 1017 1987 non
1039 1925 1184 2010 indigent
1212 1927 1420 2011 poenitentia.

298 2007 452 2094 Nunquid
482 2007 646 2072 terribile³
673 2019 705 2072 et
733 2006 811 2070 illud
842 2019 1077 2073 sacramentum
1111 2011 1256 2094 corporis
1284 2009 1420 2072 Domini

299 2093 523 2175 contemnitur,
546 2115 608 2178 quo
631 2114 690 2156 rex
711 2091 752 2154 ad
768 2090 866 2157 altare
888 2093 921 2154 in
944 2094 1161 2156 testimonium
1184 2093 1419 2158 ecclesiasticae

297 2175 565 2242 reconciliationis
586 2175 864 2240 communicatur?
887 2176 973 2262 quod
993 2187 1079 2242 certe
1095 2189 1332 2242 sacramentum
1353 2177 1420 2261 pie-

297 2262 374 2326 tatis
396 2262 523 2344 signum
547 2281 674 2345 quoque
696 2271 745 2324 est
766 2261 897 2324 unitatis
919 2271 951 2324 et
965 2260 1130 2325 vinculum
1153 2262 1304 2326 caritatis.
1339 2261 1419 2326 Sed:

298 2346 349 2409 Ne
365 2345 507 2425 solliciti,
522 2345 636 2428 inquit,
659 2345 742 2426 sitis,
757 2343 838 2428 quic
854 2345 907 2408 cul
934 2345 1101 2410 ubilioreni
1116 2369 1187 2410 eum
1202 2347 1304 2410 reddo
1319 2346 1419 2410 cobis.

297 2429 342 2492 Et
369 2429 397 2492 si
422 2449 491 2508 rex,
523 2429 578 2512 qui
606 2449 665 2512 per
687 2449 720 2492 se
742 2430 850 2512 ipsum
873 2367 1043 2514 culpabilis
1066 2433 1197 2511 exstit‘t,
1219 2452 1278 2514 per
1296 2449 1420 2514 papam

299 2510 490 2597 culpabilior
504 2512 657 2592 redditur,
681 2512 752 2598 quis
775 2534 887 2576 eorum
910 2514 1040 2578 maioris
1057 2513 1170 2600 culpae
1185 2535 1259 2578 reus
1274 2512 1421 2578 tenetur?

298 2595 380 2677 Hoc,
398 2617 527 2681 quaeso,
550 2595 749 2660 considerate
765 2605 796 2660 et
810 2597 930 2661 tenete!
963 2597 1049 2662 Ecce
1064 2610 1171 2663 autern
1193 2599 1324 2684 proprie
1346 2606 1422 2661 sunt

298 2701 411 2764 regum
435 2679 593 2765 quaedam
624 2691 818 2762 ornamenta,
841 2681 925 2746 sicut
953 2703 1072 2746 corona
1099 2691 1131 2747 et
1158 2703 1302 2768 purpura
1323 2691 1420 2766 atque
1508 2735 1510 2738 .

298 2761 362 2828 alia
383 2765 475 2848 regni
496 2765 645 2848 insignia,
667 2787 687 2827 a
709 2764 825 2850 quibus
847 2787 956 2849 regem
977 2765 1138 2830 abstinere
1159 2766 1201 2829 ad
1222 2765 1346 2829 arbitrii
1368 2766 1420 2827 sui

299 2858 427 2935 tempus
457 2848 601 2914 decrevit
626 2871 669 2932 pa
694 2871 722 2928 a,
752 2848 847 2912 huius
876 2847 999 2914 scilieet
1027 2850 1212 2913 intentionis
1244 2850 1356 2934 gratia,
1384 2857 1421 2912 ut

300 2933 346 2995 sic
373 2942 430 2996 aut
459 2933 666 3016 contemptib'
680 2933 729 2994 ior
757 2941 841 2996 esset
866 2933 967 3020 ipsius
989 2935 1074 3018 regis
1096 2933 1130 2996 in
1152 2954 1250 3016 regno
1272 2953 1419 3017 persona,

299 3015 403 3079 donec
425 3016 630 3079 roboraretur
651 3037 796 3098 regnum,
820 3016 993 3101 quodiam
1015 3017 1189 3102 parabatur
1210 3017 1242 3078 in
1265 3015 1420 3080 electione

299 3097 430 3164 alterius
459 3099 554 3182 regis,
580 3099 657 3163 dum
686 3099 790 3164 fuerat
817 3101 887 3183 ipse
914 3099 1076 3185 legitimus
1105 3123 1162 3165 rex
1183 3101 1216 3162 in
1239 3098 1341 3181 Italia,
1365 3109 1421 3164 aut

300 3183 328 3245 si
354 3203 419 3246 non
441 3184 619 3268 permissus
646 3206 665 3246 a
694 3206 728 3246 se
749 3183 871 3266 regalia
892 3195 1068 3250 resumeret
1089 3193 1284 3267 ornamenta,
1307 3185 1421 3248 certio-

299 3288 368 3331 rem
397 3267 530 3352 perinde
559 3266 692 3332 haberet
714 3267 912 3332 exercendae
934 3270 1021 3333 circa
1042 3291 1116 3334 eum
1138 3289 1269 3332 causam
1292 3289 1421 3332 excom-

300 3351 537 3432 municationis,
589 3352 652 3416 uod
683 3351 810 3416 videtur
839 3374 904 3416 non
933 3373 1002 3416 esse
1035 3353 1176 3418 officium
1205 3354 1332 3438 pietatis
1359 3375 1421 3417 nee

300 3435 430 3519 signum
454 3373 644 3501 concordiae
666 3445 699 3500 et
720 3437 852 3501 unitatis
863 3447 884 3500 ².
921 3436 1016 3502 Unde
1039 3446 1168 3502 sanctus
1189 3459 1276 3522 papa
1298 3435 1422 3522 Grego-

300 3519 367 3582 rius
391 3517 503 3582 scribit
524 3520 570 3584 ita
591 3521 623 3582 in
647 3519 787 3584 homiliis
809 3531 841 3584 et
861 3521 908 3584 ita
926 3520 1051 3604 docet³,
1073 3531 1110 3586 ut
1130 3523 1203 3610 ipsa
1224 3521 1285 3586 bac
1300 3521 1422 3607 ligandi

300 3612 332 3666 et
354 3601 498 3667 solvendi
519 3612 677 3686 potestate
699 3627 732 3668 se
754 3605 870 3690 privet,
893 3605 948 3690 qui
969 3605 1052 3670 hano
1080 3629 1139 3692 pro
1166 3607 1231 3671 suis
1253 3605 1422 3672 voluntati-

299 3790 323 3891 ξ)
340 3792 439 3892 {prliasse
459 3795 570 3892 legendum
585 3801 628 3835 cst:
649 3796 732 3836 Nonne
748 3797 851 3836 terribile
868 3797 928 3846 quod
946 3826 951 3838 .
971 3829 976 3840 .
993 3809 1014 3848 ,ς
1030 3797 1147 3838 sineretur
1163 3798 1291 3836 emendavit:
1312 3798 1422 3846 uunquid

310 3861 347 3892 err
372 3863 473 3904 1e‚quo

301 3995 329 4060 1)
347 3995 432 4047 rides
452 3996 544 4046 horum
564 3996 714 4058 verborum,
735 3997 834 4063 quippe
855 4013 924 4062 quae
945 4013 1004 4048 cum
1025 3997 1113 4048 verbis
1132 3996 1244 4046 aliorum
1264 3997 1422 4061 scriptorum

299 4075 429 4136 pugnent,
456 4085 472 4118 a
494 4069 584 4120 multis
609 4069 767 4120 indubium
792 4075 912 4122 vocatur.
1006 4068 1035 4135 2)
1060 4070 1118 4120 Has
1142 4084 1185 4119 res
1213 4073 1308 4120 auctor
1335 4069 1423 4135 magis

300 4144 339 4194 ita
357 4143 448 4206 tradit,
469 4141 602 4208 quomodo
623 4158 669 4193 eas
689 4143 817 4194 Germani
837 4142 1034 4192 arbitrabantur
1052 4142 1140 4192 factas
1160 4158 1228 4204 esse,
1254 4157 1333 4208 quam
1357 4158 1422 4208 quo-

300 4215 380 4266 modo
407 4231 435 4266 re
454 4231 519 4266 vera
545 4221 638 4280 gestae
664 4223 733 4266 sunt.
774 4213 1074 4278 sf.Ann.Benh01si,
1095 4214 1143 4268 SS.
1157 4215 1191 4278 V,
1210 4233 1237 4282 p.
1258 4215 1329 4278 2863
1352 4215 1423 4266 Ann.

299 4289 447 4351 Lamberti,
469 4289 518 4340 SS.
532 4290 566 4352 V,
586 4307 611 4355 p.
631 4289 692 4341 254.
711 4295 737 4340 et
758 4287 826 4349 2583
846 4289 961 4354 Registr.
976 4287 1024 4348 IV,
1039 4287 1097 4340 12⁸.
1151 4289 1180 4354 3)
1200 4289 1323 4356 Gregorii
1343 4305 1426 4356 opera

299 4359 343 4412 ed.
362 4361 473 4426 Bened,
492 4363 576 4414 Paris.
598 4363 677 4428 1705,
696 4362 720 4428 I,
739 4381 764 4430 p.
783 4361 863 4413 1555.
