3116 4822
604 356 819 409 PRAEFATIO.
1225 358 1277 410 XV

151 525 229 592 dum
262 526 453 611 episcopum
484 521 687 588 salutarem.
731 524 892 608 Lepsius²
919 535 1029 610 putat,
1063 526 1277 592 Waltramum

152 609 356 674 consuluisse
381 607 568 672 Anselmum
591 607 630 672 de
652 607 819 673 erroribus
840 607 993 673 ecclesiae
1017 608 1164 674 Graecae
1187 621 1216 674 et
1236 633 1277 674 en

153 717 189 758 eo
233 695 422 772 uaesioiese,
444 715 555 756 nonne
576 701 654 757 tunc
670 693 948 757 accommodatum
969 703 1049 758 esset
1070 704 1196 780 tempus
1218 694 1276 758 tol·

153 717 247 843 lenda
270 778 439 842 schismati
460 776 549 860 quod
570 775 723 842 ecclesiae
744 777 915 842 Romanae
937 800 1010 842 cum
1025 776 1157 842 Graeca
1178 780 1277 842 inter-

153 871 301 926 cesserat.
336 861 399 928 Cui
420 863 597 926 sententiae
620 863 652 924 si
674 861 932 1008 adstipulamur,
954 863 1111 946 sequitur,
1133 872 1169 926 ut
1189 861 1276 927 Wal-

152 955 281 1010 tramus
313 967 380 1009 non
414 944 518 1009 solum
545 946 619 1008 unit
642 947 669 1010 ti
701 947 852 1010 eccesiae
879 946 1060 1028 Romanae,
1093 947 1149 1010 sed
1181 949 1279 1011 etiam

152 1033 234 1115 paci
254 1031 341 1094 inter
362 1038 472 1093 utram
496 1051 536 1092 ue
558 1027 723 1094 ecclesiam
745 1031 966 1094 restituendae
987 1032 1129 1095 manime
1145 1053 1279 1116 operam

155 1113 290 1178 dederit.
333 1113 423 1178 Nam
447 1051 662 1178 lllaltramum
684 1111 827 1197 epistula
849 1135 913 1178 sua
936 1115 981 1178 ad
1003 1117 1146 1178 comitem
1167 1115 1277 1179 Ludo-

156 1201 263 1262 oicum
284 1198 365 1261 data
388 1195 474 1261 nillil
496 1196 593 1261 aliud
615 1199 822 1282 appetivisse,
844 1199 912 1262 nisi
933 1206 969 1261 ut
990 1200 1104 1262 unitas
1125 1201 1162 1263 in
1184 1199 1278 1262 eccle·

156 1283 211 1346 sia
243 1281 397 1346 Romana
427 1283 660 1362 restitueretur,
693 1303 733 1346 eu
759 1283 845 1366 ipsis
877 1283 949 1346 eins
981 1281 1141 1366 epistulae
1172 1283 1279 1347 uerbis

156 1365 265 1431 elucet.
298 1365 419 1430 Nonne
440 1367 527 1430 enim
548 1367 586 1430 in
608 1388 648 1430 ea
670 1366 764 1430 nobis
782 1375 959 1430 occurrunt
979 1366 1077 1431 verba
1095 1367 1279 1447 Waltrami,

158 1451 277 1536 quibus
306 1451 450 1514 comitem
483 1449 529 1512 ad
552 1471 672 1534 pacem
700 1449 852 1514 ecclesiae
874 1452 1073 1515 servandam
1095 1449 1278 1535 compellit?

157 1544 209 1599 ut:
233 1534 320 1598 omni
341 1555 442 1619 regno
464 1533 552 1598 utilis
574 1543 622 1598 est
643 1534 818 1598 eoncordia
838 1543 868 1598 et
890 1533 957 1598 alio
978 1534 1068 1600 loco:
1098 1535 1149 1598 'ru
1171 1535 1279 1620 igitur,

154 1616 384 1704 gloriosissime
400 1619 562 1703 princeps,
583 1617 763 1700 attendens,
785 1617 948 1704 quomodo
963 1617 1053 1682 Deus
1068 1620 1159 1702 pacis
1178 1629 1227 1682 est
1248 1626 1281 1682 et

156 1723 222 1767 non
233 1701 452 1785 dissensionis,
474 1701 562 1788 quod
577 1724 620 1766 ex
633 1711 665 1768 te
680 1711 738 1782 est,
760 1723 875 1788 pacem
897 1722 971 1766 oum
986 1703 1135 1766 omnibus
1150 1701 1280 1768 habeas.

157 1787 231 1852 Iam
260 1808 335 1850 oero
365 1787 411 1851 aol
438 1787 526 1850 alias
551 1787 795 1852 similitudines.
843 1784 913 1859 Quo
942 1788 1048 1850 utitur
1073 1809 1219 1852 sermone
1252 1797 1282 1852 et

157 1893 275 1956 penore
297 1870 438 1952 dicendi,
482 1893 554 1934 uem
575 1881 658 1934 tenet
678 1871 809 1934 modum
831 1871 1032 1954 disputandi
1053 1881 1083 1934 et
1097 1872 1281 1936 disserendi

157 1957 196 2018 in
218 1951 361 2040 epistula
384 1955 429 2018 ad
472 1955 647 2018 udovicum
668 1956 769 2018 missa
787 1954 993 2035 Waltramus,
1016 1955 1144 2020 easdem
1165 1977 1217 2019 res
1231 1977 1279 2018 se-

157 2039 272 2122 quitur
290 2041 433 2124 scriptor
443 2038 522 2102 libri
537 2041 596 2124 qui
609 2048 655 2102 cst
673 2039 712 2103 de
732 2040 859 2102 unitate
871 2038 1024 2102 ecclesiae
1042 2040 1280 2104 conservanda.

158 2123 300 2204 Deinde,
333 2133 369 2186 ut
401 2125 546 2187 omnium
579 2125 637 2208 qui
669 2133 746 2186 tune
779 2131 875 2187 erant
913 2123 1081 2186 lominum
1112 2123 1281 2186 doctorum

158 2207 399 2290 disputationes
428 2208 655 2271 auctoritatem
682 2205 878 2290 Scripturae
902 2205 1028 2271 Sacrae
1053 2207 1280 2292 sequebantur,

158 2299 256 2376 atque
278 2313 317 2355 eu
332 2315 372 2355 ea
387 2300 584 2375 arpumenta
605 2293 807 2376 pravissima
818 2291 982 2374 petebant,
1005 2293 1055 2354 ita
1076 2313 1178 2376 neque
1196 2290 1281 2354 Wal-

158 2383 284 2439 tramus
300 2377 337 2438 in
348 2375 410 2440 illa
424 2376 566 2459 epistula
584 2397 687 2460 neque
702 2377 843 2459 scriptor
859 2375 1034 2460 apolopiae
1046 2384 1178 2439 nostrae
1190 2377 1279 2460 quic-

158 2481 258 2544 quam
272 2459 434 2523 divinitus
448 2469 558 2522 ratum
574 2459 701 2540 labent,
724 2460 812 2543 quod
826 2481 892 2523 non
907 2460 1041 2524 ductum
1062 2461 1105 2524 sit
1126 2480 1167 2523 ea
1181 2459 1280 2524 libro-

9 2605 10 2632 ,
68 2617 70 2622 .
157 2565 233 2607 rum
247 2565 416 2607 sacrorum
431 2544 611 2624 seutentia;
626 2543 683 2606 sed
696 2546 817 2607 mirum
831 2551 888 2624 est,
907 2543 995 2628 quod
1009 2565 1050 2606 en
1064 2543 1144 2608 locis
1158 2565 1281 2624 nonem,

158 2648 241 2712 quos
257 2627 456 2692 Waltramus
478 2648 518 2688 erc
533 2625 712 2710 Scriptura
727 2625 836 2691 Sacra
852 2626 957 2712 affert,
978 2650 1046 2692 non
1059 2629 1169 2692 miuus
1185 2629 1281 2713 quin-

181 2733 221 2775 ue
242 2712 279 2776 in
293 2709 377 2775 libro
393 2711 432 2776 de
446 2713 573 2774 unitate
587 2710 661 2775 eccl.
677 2732 763 2774 cons.
777 2712 981 2774 invenimus:
1003 2711 1096 2776 Rom.
1111 2711 1160 2791 13,
1178 2711 1282 2792 1-2,·

194 2817 253 2860 om.
279 2795 328 2875 10,
343 2795 383 2876 3,·
408 2797 435 2858 1.
459 2795 528 2859 Iole.
551 2797 659 2877 4,16,·
685 2797 712 2858 1.
735 2794 803 2858 Iole.
826 2794 933 2876 3,15,·
958 2791 1032 2858 Gal.
1057 2795 1086 2874 1,
1102 2795 1131 2859 8.
1175 2795 1281 2859 Deni-

160 2900 231 2962 que,
245 2887 281 2943 ut
298 2879 498 2944 Waltramus
513 2881 550 2944 in
568 2877 630 2944 illa
643 2877 787 2965 epistula
803 2879 894 2960 dicit,
917 2879 1005 2964 quod
1020 2878 1281 2960 Hildelrandus,

158 2963 368 3048 liudolphus,
398 2964 638 3044 Herimannus,
667 2963 879 3048 Eppebertus,
907 2965 1076 3028 innumeri
1095 2964 1281 3047 principes,

158 3049 218 3133 qui
232 3049 297 3112 Dei
319 3048 527 3113 ordinationi
547 3049 585 3111 in
608 3047 752 3111 Henrico
774 3049 971 3130 imperatore
992 3049 1193 3128 restitissent,
1216 3057 1283 3111 tam

148 3133 252 3216 foede
262 3133 452 3216 periissent,
468 3132 580 3197 divino
594 3131 738 3279 puodam
755 3131 881 3195 iudicio
895 3131 1029 3215 factum
1043 3153 1119 3212 esse,
1135 3133 1184 3195 ita
1202 3129 1281 3229 lepi-

157 3240 230 3280 mus
251 3219 288 3280 in
311 3215 395 3280 libro
416 3225 527 3280 nostro
551 3215 593 3298 (li
614 3264 621 3277 .
645 3216 691 3296 II,
714 3239 740 3278 c.
763 3214 842 3295 35).·
864 3214 978 3298 Neque
1000 3216 1085 3278 enim
1113 3213 1169 3278 diu
1196 3235 1284 3278 eirca

157 3297 338 3385 Egbertum
360 3299 578 3363 marchionem
600 3297 679 3363 ultio
702 3297 813 3361 divina
830 3299 977 3378 cessavit,
1000 3308 1030 3362 et
1045 3299 1160 3382 (ital,
1183 3323 1208 3362 c.
1224 3299 1245 3363 3
1246 3303 1283 3379 ).·

160 3406 299 3471 quorum
326 3405 409 3446 unus
439 3383 673 3467 (liudolphus)
703 3383 736 3445 in
763 3381 885 3466 proelio
909 3381 1034 3464 cecidit,
1063 3380 1145 3446 alter
1172 3383 1286 3465 (Heri-

161 3471 323 3549 mannus)
353 3468 385 3529 in
413 3467 654 3552 expugnatione
683 3467 779 3529 unius
801 3463 923 3529 castelli
944 3465 1171 3530 miserabiliter
1192 3486 1286 3530 occu·
1315 3507 1317 3512 -

161 3551 241 3621 buit.
279 3553 358 3616 Item
380 3555 523 3636 scriptor
545 3549 720 3638 apoloqiae
742 3560 873 3614 nostrae
895 3550 966 3633 (lib.
980 3551 1025 3632 H,
1050 3575 1076 3613 c.
1092 3550 1140 3631 l),
1162 3559 1199 3614 ut
1213 3549 1284 3614 Hil-

158 3637 349 3702 debrandus
370 3637 407 3699 in
430 3636 545 3700 eusilio
568 3637 654 3700 diem
674 3657 859 3720 supremum
882 3634 992 3716 obiret,
1011 3637 1144 3698 iustitia
1166 3636 1284 3698 diuina

158 3723 368 3786 constitutum
388 3720 499 3806 fuisse
523 3728 623 3804 putat
649 3728 678 3783 et
706 3719 745 3782 de
767 3717 886 3804 Seryio
909 3741 1091 3783 successore
1112 3721 1183 3783 eius
1207 3719 1286 3784 dicit

161 3807 225 3890 (ΙΙ,
250 3807 327 3887 17).·
350 3805 442 3868 euius
464 3803 587 3869 scilicet
607 3802 738 3867 honoris
760 3804 906 3888 rapinam
935 3824 1000 3866 non
1028 3802 1085 3865 diu
1106 3803 1285 3888 impunitus

157 3890 269 3970 tenuit,
292 3891 443 3975 qnoniam
466 3888 597 3961 interiit,
620 3909 662 3952 ex
683 3909 746 3972 quo
769 3887 891 3952 scilicet
913 3887 1022 3950 divino
1044 3886 1164 3951 iudicio
1184 3887 1285 3951 mani-

156 3973 273 4039 festum
295 3984 353 4056 est,
375 3972 478 4058 qualis
501 3973 598 4037 etiam
620 3972 690 4056 ipse
711 3971 817 4042 fuerit.

155 4181 184 4248 1)
204 4183 231 4234 S.
250 4183 373 4234 Anselmi
392 4186 482 4250 Opera
503 4182 546 4232 ed.
568 4181 714 4244 Gerberon,
734 4182 844 4232 Parisiis
866 4183 944 4232 1721.
970 4198 996 4246 p.
1018 4181 1079 4232 135.
1165 4178 1195 4242 2)
1215 4179 1280 4230 ‘Ge-

151 4255 279 4398 lelllhtg
302 4257 496 4380 d3011rBischttfe
521 4256 569 4310 des
588 4255 739 4307 Hoahstifts
757 4255 915 4320 Neumburg
940 4271 989 4304 vor
1010 4253 1057 4304 der
1077 4253 1281 4316 Reformation'‚

234 4370 241 4397 ,
282 4367 288 4381 .
349 4367 355 4382 .
