3114 4814
261 327 318 376 tat
454 325 504 376 DE
522 323 682 377 UNITATE
702 323 907 375 acchaeus:
928 322 1206 376 CONSERVANDA.

264 517 346 576 eam,
373 493 488 579 inquit,
519 491 790 577 quemadmodum
810 491 908 577 culpo
930 494 1077 575 imperiti
1099 493 1129 556 lo
1152 503 1288 574 uantur,
1309 517 1388 558 con-

262 578 469 644 suetudinem
496 579 656 642 sermonis
683 577 805 641 vocabo
835 597 1027 641 consensum
1056 599 1092 640 er
1139 579 1270 658 dorum,
1301 579 1391 642 sicut

262 663 398 726 oioendi
415 683 607 726 consensum
625 662 792 726 bonorum.
826 660 912 724 Hinc
934 669 967 724 et
981 657 1124 724 Tullius¹
1147 662 1181 724 in
1203 660 1390 726 rhetoricis:

267 745 484 827 Consuetudo,
505 746 560 827 ait,
583 747 638 810 ius
660 755 707 809 εει
729 745 849 831 absque
870 743 950 830 ispe,
972 746 1092 810 horest
1114 746 1234 830 absque
1254 747 1388 830 scripto,

264 832 348 977 puio
375 829 428 894 ιεεε
457 831 581 894 dicitur
610 853 632 894 a
658 829 804 927 dependo.
848 828 978 914 Moyses
1007 851 1082 892 vero
1110 829 1234 914 primus
1260 828 1389 894 divinas

277 936 294 978 e
318 935 353 978 cs
374 915 474 978 sacris
496 911 596 978 literis
612 913 768 998 exphcuit
790 922 821 978 et
837 912 958 999 populo
981 912 1045 976 Dei
1067 912 1304 978 conservandas
1324 922 1389 978 tra-

264 997 298 1062 di
324 997 382 1079 ‘t·;
413 1019 489 1062 narn
518 1019 613 1062 omne
645 999 695 1061 ius
726 996 856 1082 legibus
886 1005 1011 1061 constat
1042 1005 1075 1062 et
1105 997 1259 1062 moribus.
1312 995 1390 1080 Sed,

264 1083 347 1148 sicut
374 1081 518 1146 Isidorus
545 1083 741 1168 episeopus¹
768 1081 880 1147 scribit
906 1082 940 1144 in
971 1078 1062 1146 libris
1089 1081 1387 1166 Etymologiarum:

263 1171 322 1224 Len
350 1181 388 1224 est
415 1172 563 1224 constitutio
592 1171 701 1238 scripto,
733 1179 757 1224 ει
785 1189 840 1223 mos
868 1179 907 1224 εει
931 1175 1059 1222 estuante
1083 1171 1198 1236 probato
1227 1171 1388 1224 cousuetudo

263 1271 317 1304 ma
345 1253 501 1320 suompte.
547 1237 717 1304 Plenitudo
745 1249 854 1304 autem
881 1238 962 1324 legis
992 1248 1041 1303 est
1066 1241 1194 1320 cantas,
1225 1241 1302 1325 quia
1328 1260 1389 1324 per

265 1320 399 1386 Sacram
440 1323 642 1408 Scripturam
682 1324 849 1408 cognoscit
887 1321 1002 1403 homo,
1043 1322 1122 1408 quid
1154 1323 1196 1388 sit
1230 1333 1263 1387 et
1299 1322 1388 1388 unde

264 1406 307 1468 sit
338 1414 371 1470 et
402 1407 565 1504 quomodo
598 1408 639 1471 sit
671 1417 702 1472 et
733 1407 775 1470 ad
808 1405 887 1493 quid
915 1405 967 1471 vel
998 1428 1063 1492 quo
1096 1417 1308 1491 perventurus
1334 1407 1386 1472 sit.

265 1487 443 1572 Cognoscrt
470 1491 567 1556 etiam
595 1511 655 1576 per
684 1489 803 1555 Sacrae
826 1491 1011 1576 Scripturas
1038 1492 1207 1556 scientiam
1228 1490 1390 1556 beneficia

263 1573 338 1654 Dei,
359 1574 498 1657 gratiam
520 1574 594 1656 Dei,
617 1575 702 1639 dona
722 1575 797 1656 Dei,
818 1584 855 1639 ut
876 1573 1010 1660 perinde
1036 1577 1139 1660 possit
1168 1575 1293 1640 debitas
1314 1597 1389 1660 gra-

264 1657 380 1720 tiarum
409 1657 552 1724 actiones
577 1659 696 1724 referre
720 1681 778 1724 suo
802 1657 957 1741 Creatori,
980 1681 1038 1724 suo
1061 1659 1268 1744 Redemptori
1290 1669 1388 1744 atque

265 1738 435 1806 Salvatori.
470 1743 565 1809 Unde
587 1743 712 1829 etipsa
733 1743 799 1808 Dei
821 1744 979 1828 sapientia
999 1741 1142 1829 loquitur
1186 1765 1221 1807 er
1243 1741 1388 1808 Solomo-

121 1851 253 1908 sspau.
263 1846 353 1888 nem:
376 1825 597 1912 Sapientiam,
614 1827 774 1928 inquiens,
795 1837 825 1892 et
839 1827 1053 1912 disciplinam
1068 1831 1126 1913 qni
1141 1764 1251 1909 citato,
1266 1827 1388 1912 infelin

264 1919 319 1990 εει,
340 1918 369 1972 ει
383 1933 491 1976 uacua
506 1921 551 1976 εει
565 1934 641 1996 spes
658 1912 790 1977 allorum
811 1914 849 1976 in
860 1921 1068 1996 perpetuum,
1091 1921 1120 1975 ει
1135 1910 1261 1976 labores
1276 1934 1388 1976 eorum

263 1997 335 2058 sine
346 1992 479 2078 fructu,
502 2005 531 2058 et
557 1997 746 2060 inhabilial
769 2006 847 2060 sunt
869 2019 971 2080 opera
998 1996 1139 2060 illorum.
1184 1995 1275 2060 Sicut
1300 1995 1387 2060 enim

263 2077 375 2142 scribit
386 2088 515 2143 sanctus
527 2081 729 2165 Augustinus
736 2090 759 2161 ³,
774 2080 866 2144 Deus
880 2078 1037 2143 mundum
1052 2089 1184 2165 propter
1199 2080 1390 2144 exercitium

262 2161 340 2226 fecit
366 2171 399 2226 et
420 2162 569 2227 omnibus
596 2165 699 2248 copiis
724 2163 916 2244 honestavit,
943 2163 1024 2228 duas
1052 2185 1236 2248 proponens
1262 2185 1388 2246 causas,

263 2253 465 2330 praesentem
487 2258 519 2312 et
540 2247 691 2330 futuram,
714 2246 883 2312 caelestem
907 2256 940 2312 et
960 2256 1129 2329 terrenam,
1151 2257 1188 2311 ut
1208 2249 1249 2312 ad
1272 2246 1388 2332 proba·

263 2331 383 2392 tionem
411 2341 519 2395 essent
544 2330 722 2413 hominum,
745 2341 791 2413 ut,
813 2332 869 2417 qui
891 2340 1000 2418 spreta
1020 2331 1130 2396 futura
1151 2333 1218 2396 vita
1238 2354 1388 2417 praesen-

263 2421 330 2476 tem
352 2412 494 2498 eligeret,
521 2417 611 2480 carni
632 2415 850 2502 deputaretur,
879 2417 936 2501 qui
961 2437 1040 2480 vero
1062 2417 1225 2501 praesenti
1246 2415 1387 2482 futuram

263 2507 487 2582 anteponeret,
520 2498 718 2585 spiritalibus
749 2499 868 2584 dignus
901 2500 1082 2565 haberetur.
1143 2500 1208 2565 Sed
1244 2497 1388 2564 carnales

263 2579 395 2645 delicias
417 2582 639 2669 spiritualibus
660 2583 855 2671 praeferunt,
884 2585 940 2670 qui
965 2583 1110 2649 naturale
1131 2584 1298 2669 ingenium
1322 2585 1388 2650 otio

264 2673 296 2729 et
333 2665 459 2730 desidia
496 2678 680 2755 torpescere
720 2670 845 2751 sinunt,
886 2670 943 2753 qui
983 2669 1080 2733 etiam
1119 2666 1286 2753 euangelio
1322 2669 1388 2733 Dei

100 2755 254 2856 Mitto-tte·
264 2771 323 2835 pro
348 2759 397 2814 ter
424 2774 497 2816 suas
524 2753 714 2818 traditiones
742 2775 808 2816 non
837 2751 1027 2820 obaudiunt.
1071 2753 1245 2834 Attendite,
1272 2753 1387 2838 inquit,

138 2816 247 2867 ¹²⁰'¹²'¹'
265 2857 287 2897 a
325 2845 464 2900 armento
487 2837 754 2916 Pharisaeorum,
777 2837 865 2922 quod
886 2846 932 2901 εει
953 2837 1148 2924 hypocrisis,
1171 2839 1229 2920 qui
1243 2837 1388 2902 dilatant

132 2911 472 3012 “imm-phylacteria
493 2944 558 2985 suo
579 2931 608 2986 et
628 2920 847 3006 mapniflcant
860 2921 1032 3002 fimbriam
1055 2930 1100 2985 et:
1121 2921 1173 2984 Ne
1193 2923 1387 2986 induamini

171 2998 195 3106 ξι
229 2999 235 3012 ’
264 3003 395 3066 duabus
422 3006 554 3086 tunicis,
583 3005 660 3089 quia
686 3006 737 3069 vir
765 3002 886 3089 duplex
919 3004 1027 3068 animo
1059 3005 1244 3069 inconstans
1272 3013 1320 3068 εει
1351 3005 1386 3068 in

175 3067 254 3173 10⁸}ss
265 3086 415 3150 omnibus
448 3087 510 3151 viis
542 3089 618 3152 suis.
663 3087 810 3152 Christus
838 3108 914 3153 vero
947 3087 1185 3174 simplicitatem
1219 3086 1385 3153 columbae

263 3190 322 3233 nos
353 3169 472 3236 habere
501 3171 620 3253 docuit,
649 3173 705 3271 qui
731 3171 905 3256 gloriosam
935 3171 1101 3237 ecclesiam
1128 3195 1193 3236 non
1215 3173 1386 3238 habentem

120 3253 422 3320 orsoenmaculam
444 3264 500 3319 aut
514 3277 628 3340 rugam
644 3256 706 3322 s1bi
727 3255 885 3336 exhibuit,
907 3255 1016 3338 idest,
1038 3279 1121 3343 quae
1142 3280 1201 3343 per
1215 3265 1386 3344 peccatum

262 3359 327 3402 non
350 3337 468 3404 habeat
488 3339 648 3404 maculam
668 3341 721 3405 vel
742 3362 801 3425 per
822 3339 1045 3425 duplicitatem
1067 3363 1191 3425 rugam.
1237 3341 1332 3406 Unde
1354 3352 1387 3407 ει

264 3421 448 3508 Cyprianus
478 3425 671 3510 episcopus⁴
692 3423 862 3488 ostendens
887 3425 921 3487 in
942 3424 1025 3490 libro
1047 3425 1087 3489 de
1109 3426 1232 3490 unitate
1254 3424 1387 3492 catholi-

263 3526 319 3570 cae
341 3506 509 3589 ecclesiae,
530 3510 649 3574 iccirco
671 3509 705 3572 in
726 3507 896 3572 columbae
918 3510 1026 3608 specie
1056 3507 1215 3608 Spiritum
1238 3519 1384 3575 sanctum

262 3591 400 3672 venisse,
422 3601 458 3656 ut
475 3592 651 3658 debeamus
672 3592 707 3656 in
721 3593 817 3656 domo
833 3592 907 3672 Dei,
929 3615 963 3656 ιιι
982 3591 1118 3658 εεεΙεειε
1133 3593 1254 3659 Christi
1274 3595 1385 3659 unani-

262 3696 331 3773 mes
344 3674 515 3772 habitare,
543 3675 717 3741 concordes
746 3686 780 3742 et
808 3674 970 3762 simplices
992 3700 1214 3764 perseverare:
1243 3694 1320 3747 Hau
1339 3702 1385 3759 cst,

262 3767 376 3845 lnqult,
404 3775 453 3826 in⁰
482 3774 590 3828 εεειεεὶε
616 3775 752 3828 noscenda
778 3773 934 3842 simplicitas
963 3785 987 3828 et
1014 3777 1167 3841 obtinenda,
1195 3785 1225 3827 ut
1251 3777 1385 3829 columbos

262 3847 368 3902 dilectio
390 3849 508 3900 imitetur
524 3848 717 3916 fraternitatis,
738 3857 767 3900 ut
785 3849 962 3901 mansuetudo
988 3859 1011 3902 et
1031 3849 1127 3905 lenitus
1147 3857 1274 3916 aequetur
1292 3851 1383 3903 ouibus

262 4004 287 4057 a)
302 4007 429 4047 servandas
445 4007 586 4047 contradidit
603 4009 623 4047 ι.
683 4006 707 4059 b)
723 4007 819 4047 inutilla
838 4007 899 4058 νειμ.
960 4005 982 4058 c)
998 4007 1030 4048 tta
1047 4008 1123 4059 cupra
1138 4009 1194 4048 deest
1211 4009 1231 4047 1.

266 4139 292 4202 1)
316 4138 423 4203 Cicero,
446 4139 490 4190 De
510 4140 665 4191 intentione
688 4139 726 4204 II,
745 4141 789 4192 22.
835 4140 876 4192 of.
903 4141 1002 4192 Isidori
1025 4142 1113 4207 Opera
1131 4141 1184 4202 ΙΙΙ,
1204 4158 1231 4206 p.
1252 4139 1296 4191 st.
1322 4138 1383 4189 192.

264 4211 294 4276 2)
317 4211 388 4264 Ibid.
469 4211 499 4278 3)
523 4214 569 4265 Eis
589 4213 674 4265 alludi
692 4213 807 4278 videtur,
831 4230 901 4280 qnae
920 4216 950 4265 in
969 4216 1113 4279 Augustini
1133 4215 1266 4280 Operibus
1286 4213 1338 4275 ΙΙΙ,
1358 4213 1384 4272 2,

263 4301 291 4350 p.
310 4283 466 4336 sse-841.
486 4286 620 4352 leguntur.
694 4285 725 4352 4)
744 4286 874 4354 Cypriani
893 4290 984 4355 Opera
1002 4305 1029 4354 p.
1051 4288 1113 4339 att.
1133 4288 1197 4338 218.
