3114 4814
363 339 412 389 DE
431 339 590 391 UNITATE
610 338 816 393 accursus
837 341 1113 395 CONSERVANDA·
1251 345 1302 396 119

178 509 267 572 etin
288 507 445 572 virtutum
472 506 604 592 specula
625 517 699 572 sunt
722 510 895 591 constituti,
918 509 1121 597 appellantur
1142 512 1221 576 Sion
1243 536 1300 577 -ε

178 591 353 678 dereliquit
374 614 423 656 nce
439 591 603 656 Dominus
626 601 655 654 et
673 593 836 658 Dominus
860 594 976 660 oblitus
997 597 1145 675 estensi,
1168 597 1221 660 cui
1242 617 1464 681 permaniant.

178 675 334 740 Hesaiam
356 673 546 823 prophetam
567 675 740 762 respondet
762 677 937 742 Dominus:
965 680 1132 764 Nunquiol
1154 680 1302 746 oblivisci

174 770 281 846 potest
301 761 420 825 maier
441 759 605 843 infantem
628 784 734 842 scum,
755 772 791 826 ut
813 785 881 827 non
903 766 1097 828 misereatur
1110 763 1186 844 filio
1216 767 1302 830 uteri

179 845 254 910 sui?
284 853 313 908 et
341 845 372 907 si
400 842 462 907 iliu
485 841 584 908 oblita
597 844 718 929 fuerit,
745 855 933 932 apotomen
955 869 1022 911 non
1045 847 1220 912 obliviscor
1240 851 1300 930 tui,

178 931 260 993 dicit
289 928 464 992 Dominus.
508 927 610 992 Nemo
641 933 727 994 enim
760 953 908 1016 unquam
941 954 1073 996 carnem
1100 952 1195 996 snam
1225 934 1446 1006 octontuta.

180 1013 306 1093 tatuit,
333 1011 390 1076 sed
413 1014 519 1076 nutrit
539 1021 569 1076 et
581 1012 675 1094 fovet
700 1034 771 1077 eom
793 1017 878 1077 sient
901 1023 930 1079 et
954 1014 1102 1080 Christus
1123 1015 1300 1082 ecclesiam.

179 1098 300 1177 Erant,
320 1096 434 1180 inquit,
457 1096 522 1159 dno
537 1098 575 1159 in
590 1119 690 1161 corne
711 1120 792 1178 nno,
815 1098 968 1196 quoniam
983 1097 1179 1183 Redemptor
1193 1109 1342 1165 nostern.
1353 1123 1389 1166 ss.

180 1193 256 1243 cum
285 1189 396 1244 sancta
424 1177 569 1260 ecclesia,
599 1200 695 1264 quam
716 1180 862 1264 redemit,
886 1182 1063 1246 secundum
1086 1203 1214 1248 carnem
1235 1203 1301 1247 una

179 1263 358 1328 substantia
380 1273 429 1328 est
451 1273 483 1327 et
502 1285 568 1327 una
589 1283 737 1350 persona.

264 1348 315 1412 38.
357 1347 445 1412 Ecce
472 1368 542 1426 nos,
570 1348 626 1446 qui
654 1370 754 1412 unum
782 1347 937 1414 ecclesiae
965 1346 1160 1413 catholicum
1183 1362 1434 1436 corpus(XX¹V11)

177 1451 370 1496 veneramur
383 1442 479 1517 atque
495 1430 669 1516 diligrmus,
684 1453 753 1509 nos,
769 1433 911 1518 inquam,
926 1432 1165 1532 descripsimus,
1182 1443 1303 1520 quanta

178 1514 336 1580 brevitate
387 1517 536 1598 otuimus,
565 1513 675 1601 quales
697 1517 761 1581 sint
780 1527 836 1582 aut
856 1516 974 1581 fuerint
994 1517 1090 1602 primi
1112 1515 1152 1582 de
1173 1517 1302 1603 partiei-

178 1600 276 1686 pibus
304 1537 518 1680 Hiliebranti,
549 1609 585 1663 ut
616 1600 691 1682 iam,
725 1601 752 1663 si
785 1601 898 1686 possit,
928 1601 1131 1686 praepositae
1164 1603 1303 1688 scriptor

177 1683 335 1769 epistolae
362 1683 514 1748 defendat
542 1693 666 1768 partem
696 1685 746 1748 sni
773 1686 876 1770 ipsius
907 1683 1067 1770 Gregorii,
1094 1685 1188 1750 iuxta
1215 1685 1301 1772 quod

176 1769 337 1854 promittit
363 1766 426 1850 ille,
453 1789 662 1852 praesumens
690 1767 866 1854 plurimum
896 1767 937 1834 do
965 1791 1023 1832 sua
1044 1770 1175 1850 iustitia,
1203 1791 1337 1866 quamct
1350 1825 1409 1865 Rom

175 1861 210 1916 et
231 1853 356 1938 quaerit
378 1860 527 1932 statuere,
550 1853 704 1936 ignorans
726 1862 824 1932 certe,
847 1853 931 1917 sicut
951 1851 1117 1938 apostolus
1140 1854 1195 1934 ait,
1219 1875 1301 1939 quac
1328 1853 1417 1936 1‘0‚r‚'

176 1937 221 2001 sit
251 1937 315 2002 Dei
342 1935 474 2000 iustitia.
518 1937 597 2016 Quis
623 1936 672 2000 uis
699 1936 784 2000 enim
811 1937 845 1999 in
872 1944 973 2002 semet
998 1937 1104 2022 ipsum
1136 1937 1302 2001 descendit

176 2030 210 2086 et
242 2019 329 2086 beati
361 2019 472 2084 iacobi
500 1957 637 2104 apostili
666 2019 767 2085 verba
797 2019 933 2086 attendit
941 2043 954 2102 ,·
981 2020 1098 2118 quibus
1128 2021 1222 2084 dicit:
1258 2021 1419 2094 Innuss.

177 2105 289 2170 multis
316 2103 512 2190 offendimus
540 2127 656 2185 omnes,
684 2125 749 2167 non
778 2103 872 2169 facile
896 2103 1013 2168 dividit
1041 2125 1076 2168 se
1098 2113 1154 2168 sut
1174 2112 1302 2188 separat

176 2211 198 2253 a
213 2189 373 2253 consortio
389 2187 572 2275 aliquorum
594 2209 653 2274 pro
669 2209 707 2252 eo
723 2189 811 2274 quod
827 2190 890 2253 sint
912 2197 1118 2275 peccatores3
1141 2188 1237 2273 quia:
1260 2188 1301 2254 st

177 2275 378 2354 diaerimns,
407 2272 512 2358 inquit
540 2271 700 2336 Iohannes
729 2271 913 2358 apostolus,
943 2275 1101 2358 qnoniam
1131 2281 1301 2356 peccatum
1319 2283 1401 2324 1·1⁰¹1·

176 2381 245 2422 non
274 2357 437 2436 labemus,
464 2357 533 2440 ipsi
561 2379 621 2421 nos
643 2357 836 2438 seducimus,
860 2367 888 2421 et
914 2361 1035 2422 ceritas
1056 2358 1095 2421 in
1117 2357 1210 2421 nobis
1232 2342 1421 2422 non¹'⁸“¹⁰·

177 2450 233 2506 est.
280 2440 375 2514 Quod
404 2442 435 2504 si
464 2440 676 2521 confiteamur
691 2451 832 2526 peccota
860 2451 985 2523 nostra,
1007 2438 1121 2523 fidelis
1143 2451 1172 2504 et
1192 2443 1301 2505 iustus

177 2535 225 2591 est
246 2525 347 2605 Dens,
374 2533 410 2588 ut
437 2527 579 2588 remittat
607 2525 699 2588 nobis
717 2534 856 2608 peecata
882 2534 997 2589 nostra
1019 2534 1048 2588 et
1069 2526 1219 2589 emundet
1240 2547 1300 2589 nos

178 2610 220 2673 ab
249 2611 338 2673 omni
364 2610 551 2692 iniquitate.
595 2607 636 2672 Si
664 2609 859 2688 disserimus,
882 2611 1040 2692 quonium
1062 2631 1128 2672 non
1147 2611 1300 2691 perocci-

176 2717 262 2773 ntcs,
290 2693 478 2757 mendacem
504 2714 577 2756 enni
596 2691 759 2776 facimus,
788 2702 817 2756 et
845 2693 975 2755 verbnm
1005 2694 1076 2755 eius
1107 2713 1174 2754 non
1196 2699 1243 2755 est
1263 2693 1301 2754 in

176 2778 283 2843 nobis.
316 2775 370 2840 Ex
391 2775 441 2839 his
464 2774 549 2840 beati
563 2775 716 2840 Iohannis
738 2774 876 2862 apostoli
889 2773 997 2839 verbis
1012 2772 1184 2857 colligitur,
1204 2773 1301 2860 quod,

177 2862 322 2927 sinemo
350 2882 384 2924 se
410 2861 530 2924 iustum
559 2861 737 2945 profitetur,
767 2858 825 2924 sed
848 2859 950 2923 omnis
974 2880 1007 2923 se
1029 2865 1232 2944 peccatorem
1254 2880 1302 2922 re-

180 2945 349 3030 cognoscit
380 2954 413 3009 et
440 2943 622 3009 confitetur:
652 2967 694 3008 ex
725 2943 792 3025 his,
822 2943 973 3029 inquam,
1007 2939 1182 3026 colligitur,
1215 2940 1303 3028 quod

178 3029 326 3095 membra
352 3028 414 3092 sibi
440 3028 581 3094 invicem
610 3029 856 3113 compatiantur,
881 3035 913 3092 et
933 3025 1053 3090 faciant
1080 3047 1191 3090 omnes
1214 3024 1302 3111 quod

176 3114 345 3200 praecepit
371 3122 403 3178 et
430 3111 526 3178 docet
552 3111 725 3197 apostolus,
743 3113 827 3198 flere
860 3135 933 3176 cnm
952 3111 1123 3195 flentibus,
1155 3111 1465 3197 paciscerentur.

180 3223 255 3264 cum
282 3199 512 3284 pandentibus,
542 3199 737 3261 sustinentes
765 3199 905 3262 invicem
933 3197 972 3259 in
1004 3193 1185 3276 dilectione,
1218 3196 1459 3268 satisnpwa.

181 3307 210 3364 a,
228 3292 314 3348 entes
344 3304 475 3346 servare
507 3284 665 3346 unitatem
694 3282 833 3365 spiritns
867 3282 904 3346 in
937 3280 1166 3344 coniunctione
1190 3280 1300 3362 pacis.

181 3307 278 3433 tilde
300 3375 332 3430 et
354 3363 537 3463 Cyprianus
560 3365 734 3450 episcopus
756 3365 789 3427 in
811 3363 892 3429 libro
921 3361 961 3426 de
983 3363 1157 3447 patientiae
1178 3360 1301 3426 bon0¹:

179 3466 280 3530 mna,
301 3451 415 3535 lnqult,
441 3471 528 3529 screa,
550 3463 676 3530 probant
703 3463 847 3530 apostolas,
875 3477 923 3514 nec
951 3459 1080 3512 unitatem
1098 3459 1204 3512 servari
1221 3476 1302 3526 posse

177 3557 229 3592 neo
244 3555 348 3604 pacem,
366 3537 419 3590 nisi
436 3555 464 3589 se
477 3537 589 3590 invicem
595 3538 701 3604 fratres
713 3545 809 3588 mutan
821 3533 963 3588 tolerantia
974 3534 1090 3600 foveant
1109 3540 1133 3585 et
1146 3531 1304 3586 concordiae

176 3621 318 3676 vinculum
326 3617 662 3688 polienticinteruenienta
677 3617 835 3672 custodiant.
873 3601 971 3666 quta
986 3599 1073 3687 quod
1089 3600 1204 3666 lterum
1225 3599 1304 3665 (licit

179 3687 362 3776 apostolus:
392 3688 469 3752 Non
498 3689 570 3752 sitis
599 3688 668 3752 olto
690 3688 865 3772 sapientes,
890 3687 946 3751 sed
970 3683 1147 3750 humilitas
1169 3702 1468 3756 consen-soniste.
1536 3695 1538 3768 ξ

179 3777 313 3854 tientes,-
343 3771 479 3836 humiles
509 3771 630 3918 quippe
659 3779 735 3834 sunt
755 3771 924 3834 unanimes
949 3777 982 3835 et
1002 3769 1139 3854 pacifici,
1184 3769 1218 3832 ui
1239 3790 1305 3833 non

178 3857 305 3922 faciunt
337 3856 497 3938 scismata,
530 3877 564 3918 se
615 3855 747 3940 superbi
778 3854 901 3919 faciunt
932 3875 980 3935 ea,
1013 3851 1124 3938 quales
1181 3853 1306 3916 ’cuntur

182 3940 358 4022 Pharisaei,
388 3940 463 4026 quin
488 3960 548 4037 per
578 3935 691 4002 falsam
719 3939 875 4002 iustitiam
904 3945 979 4002 sunt
1006 3958 1027 4001 a
1054 3937 1169 4001 ceteris
1198 3934 1305 4001 divisi.

181 4024 277 4090 Sicut
298 4025 385 4089 enim
406 4022 519 4088 scribit
539 4021 682 4087 Isidorus
704 4023 898 4108 episcopus²
919 4022 953 4084 in
974 4019 1064 4084 libris
1087 4017 1306 4105 Etymologia·

185 4185 208 4240 s)
225 4188 282 4228 deut
298 4189 360 4238 oppr.

185 4303 213 4366 1)
234 4301 366 4370 cypriani·
382 4302 472 4371 Opera
491 4319 518 4369 p.
538 4299 601 4353 408.
676 4299 705 4364 2)
725 4297 823 4351 Isidori
842 4299 932 4366 Opera
951 4297 1005 4359 111,
1025 4315 1051 4366 p.
1071 4296 1136 4348 349.
