3116 4822
601 344 816 398 PRAEFATIO.
1205 345 1272 396 XXI

153 515 312 602 adquam
329 512 368 576 ab
384 511 440 576 illo
457 535 617 598 anonymo
632 512 858 596 respondetur,
875 513 1000 596 scripta
1016 523 1061 578 est
1076 535 1164 578 anno
1178 513 1270 594 1089,

151 601 278 684 inqua
301 621 322 660 a
346 599 416 661 itur
436 598 475 661 de
498 621 513 660 s
538 598 622 662 nodo
652 597 765 661 babitu
786 597 910 662 Romae
934 597 1024 662 1089.
1055 607 1084 662 et
1113 621 1196 684 quae
1218 620 1271 662 en-

153 693 217 747 stat
239 705 294 766 ap.
346 683 377 746 le.
399 681 490 767 daffe'
508 622 539 762 ll,
557 705 594 767 p.
620 681 705 745 latos

236 767 320 830 Inde
360 789 381 828 a
421 767 528 850 capite
571 767 620 830 16.
661 765 738 830 libri
772 765 819 846 II,
856 765 972 830 relicta
1010 788 1046 830 re
1109 768 1268 851 roposita,

173 854 209 915 ui
229 859 275 936 pe
291 851 335 914 ad
351 873 449 936 quam
466 850 648 934 disputatio
666 849 744 914 solis
763 851 927 934 capitibus
941 849 992 914 22.
1008 850 1059 914 24.
1095 851 1124 915 5.
1150 851 1270 931 redeat,

152 874 356 998 chsltramus
386 957 453 998 non
484 943 551 998 tam
580 934 752 1018 epistulam
783 936 967 1020 impupnat,
1002 957 1100 1019 quam
1133 945 1272 998 enarrat

152 1041 260 1084 omnes
289 1041 342 1082 res
371 1019 411 1082 ab
433 1020 477 1082 iis
499 1019 536 1081 in
559 1017 714 1082 Souania
735 1028 853 1104 pestus,
877 1021 934 1103 qui
955 1042 1090 1084 causam
1114 1018 1272 1120 Grepprii

150 1125 220 1167 non
247 1101 351 1166 solum
378 1101 618 1188 defendendam
648 1112 869 1186 susceperant,
897 1103 953 1167 sed
984 1105 1081 1166 etiam
1099 1125 1271 1188 principes

40 1233 45 1244 .
101 1246 102 1250 ,
151 1188 223 1250 eius
233 1191 385 1271 partium
403 1188 603 1250 constiterant.
636 1185 761 1260 Quibus
778 1187 924 1251 omnibus
938 1187 1034 1250 rebus
1049 1188 1270 1252 describendis

156 1293 354 1356 quamquam
383 1271 418 1334 id
438 1271 541 1334 solum
565 1273 636 1355 apit
664 1271 873 1352 Waltramas,
895 1281 932 1334 at
954 1271 1152 1352 demonstret,
1176 1293 1270 1336 suam

152 1364 248 1440 atque
262 1377 398 1420 suorum
412 1378 549 1419 causam
570 1357 693 1419 iustam
714 1377 790 1436 esse,
814 1357 1078 1419 adversariorum
1099 1357 1270 1438 iniustam,

150 1448 258 1504 tamen
274 1462 383 1504 omnes
399 1461 461 1521 res,
484 1462 568 1526 qaae
590 1442 683 1504 intra
699 1463 806 1503 annos
824 1438 1040 1504 losa-1090.
1064 1440 1269 1525 parabantur,

152 1532 218 1586 tam
248 1533 399 1589 accurate
428 1533 457 1586 et
485 1534 551 1588 tam
580 1525 773 1608 incorrupto
800 1524 927 1590 iudicio
956 1527 1128 1589 memoriae
1156 1525 1270 1606 tradit,

150 1617 187 1670 ut
209 1609 357 1673 omnibus
379 1610 450 1673 eius
481 1609 585 1672 uerbis
607 1609 709 1691 fldem
738 1609 854 1672 babere
877 1611 1055 1693 possimus,
1084 1631 1142 1672 nec
1162 1608 1270 1693 facile

150 1695 369 1775 inveniamus,
392 1693 480 1756 unde
501 1693 616 1758 melius
638 1693 677 1756 de
700 1692 767 1757 illis
790 1695 891 1758 annis
906 1694 1089 1758 doceamur.
1121 1693 1270 1780 Lonpum

151 1785 180 1840 et
201 1800 268 1841 non
291 1779 512 1842 necessarium
535 1786 590 1858 est,
612 1777 671 1840 lroe
690 1777 759 1841 loco
782 1800 952 1860 conponere,
975 1800 1057 1863 quae
1073 1778 1111 1840 cle
1126 1777 1269 1863 sinpulis

150 1859 229 1924 locis
251 1862 394 1926 dicenda
417 1871 502 1942 sunt,
524 1885 603 1926 nam
624 1861 760 1961 simpula
785 1863 823 1924 in
845 1883 904 1925 suo
926 1884 1072 1947 quaeque
1093 1861 1162 1926 loco
1186 1885 1267 1926 com·

150 1948 328 2010 memoravi
354 1955 384 2010 et
410 1949 447 2010 in
477 1945 747 2010 annotationibus
772 1945 854 2009 dini.
899 1944 990 2009 Satis
1012 1947 1054 2009 sit
1076 1947 1128 2009 bic
1151 1947 1267 2026 dicere,

157 2027 368 2094 Waltramum
395 2031 542 2094 mauima
564 2031 634 2113 fide
662 2029 809 2110 scribere,
838 2031 906 2092 nisi
933 2029 1020 2115 quod
1042 2030 1080 2092 de
1103 2029 1267 2115 Hartoipo

152 2113 400 2199 archiepiscopo
429 2115 720 2200 Mapdeburpensi,
747 2115 849 2178 nimio
877 2114 1126 2179 odioincensus
1148 2116 1267 2178 eteius

151 2219 277 2262 morum
299 2201 485 2262 sinceritate
499 2221 625 2285 parum
639 2198 791 2280 confisus,
813 2198 978 2263 nonnulla
999 2198 1112 2278 tradit,
1135 2219 1218 2283 quae
1240 2207 1268 2262 et

152 2304 257 2345 seeum
279 2284 358 2368 ipsa
380 2293 409 2345 ct
431 2306 503 2348 cum
525 2285 673 2348 omnibus
695 2283 772 2347 aliis
794 2284 1010 2368 scriptoribus
1037 2282 1128 2346 illius
1152 2285 1268 2346 aetatis

153 2472 181 2540 1)
198 2473 268 2524 Nam
285 2473 322 2542 (e.
333 2473 380 2540 22)
396 2475 475 2525 nobie
489 2479 630 2524 occurrunt
642 2479 697 2524 tres
709 2473 763 2528 loci
776 2475 803 2524 in
816 2474 865 2524 ille
878 2475 1001 2541 epistula,
1021 2473 1056 2524 ad
1071 2491 1136 2540 quoe
1156 2475 1190 2524 ab
1204 2491 1268 2526 ano-

151 2563 232 2616 nymo
252 2548 324 2615 apud
341 2547 518 2599 Waltramum
538 2547 723 2614 respondetur.
760 2549 895 2613 Scriptum
916 2551 985 2598 enim
1003 2547 1117 2614 legimus
1138 2547 1221 2614 (Jafft
1234 2551 1267 2612 V,

151 2639 178 2688 p.
201 2621 279 2688 150);
299 2622 373 2672 illam
392 2637 556 2687 synapopam
575 2625 686 2670 satanae
707 2620 743 2670 ad
761 2621 925 2672 reddendam
942 2619 1084 2686 impietatis
1103 2638 1168 2672 suae
1185 2621 1268 2674 ratio-

151 2714 212 2748 nem
231 2696 324 2747 litteris
344 2703 368 2747 et
385 2694 488 2745 nuntiis
507 2694 544 2744 ad
562 2695 693 2758 spnodum
712 2695 926 2754 convocavimus5
951 2700 979 2744 et
1001 2695 1072 2760 apud
1092 2695 1267 2746 Waltramum

153 2769 201 2835 (11,
222 2769 249 2835 2)
276 2771 360 2820 verba
378 2769 519 2833 anonymi:
549 2764 603 2818 Sed
621 2784 674 2818 non
689 2767 960 2832 praetermittendum,
983 2767 1054 2832 quod
1078 2767 1221 2835 Wipbertus
1241 2785 1268 2820 se

152 2861 257 2894 seruum
281 2859 418 2894 servorum
435 2841 490 2892 Dei
511 2841 632 2892 nominat
656 2841 814 2906 mentiendo,
839 2849 957 2891 sanctam
981 2859 1042 2892 aero
1060 2849 1169 2892 matrem
1189 2843 1267 2894 eccle·

152 2915 221 2967 dam
241 2955 247 2967 .
268 2952 275 2966 .
297 2953 303 2966 .
324 2923 437 2966 satanae
465 2931 629 2982 spnapopam
658 2915 782 2980 appellat.
821 2917 891 2966 Item
919 2917 947 2964 in
977 2915 1092 2981 epistula
1121 2915 1268 2966 Clementis

152 2991 268 3056 legimus
294 2989 374 3051 (saffo
390 2990 423 3049 V,
443 3007 468 3056 p.
488 2987 565 3053 140:
594 2987 696 3039 Dicunt
715 2987 783 3040 enim
803 2986 984 3056 (adversarii),
1003 2997 1196 3039 samumentum
1215 3007 1269 3040 cor·

151 3062 228 3129 poris
255 3071 279 3114 et
298 3063 437 3130 sanpuinis
457 3061 557 3114 domini
575 3063 660 3113 nostri
679 3062 743 3113 Iesu
762 3060 867 3125 atrati,
886 3062 1092 3113 consecrationes
1111 3062 1267 3126 chrismatis,

152 3136 230 3188 immo
248 3152 427 3202 quaecumque
447 3136 485 3186 ad
503 3135 651 3201 episcopale
671 3143 694 3186 et
712 3136 875 3186 sacerdotale
893 3135 1008 3200 officium
1022 3133 1166 3200 pertinent,
1187 3136 1220 3186 ab
1235 3136 1269 3186 iis

152 3211 199 3276 qui
217 3218 302 3260 sectae
322 3226 411 3260 eorum
429 3226 484 3260 non
503 3208 694 3260 communicant
714 3209 850 3270 celebrata,
874 3209 952 3258 nulla
970 3225 1084 3273 proram
1107 3225 1161 3260 esse
1179 3226 1269 3260 saera-

150 3291 241 3334 menta
259 3292 284 3334 et
302 3281 371 3333 nibil
388 3283 465 3333 aliud
484 3281 686 3348 suscipientibus
704 3281 758 3332 nisi
776 3282 972 3332 damnationem
991 3282 1125 3348 conferrc,·
1150 3289 1178 3333 et
1200 3283 1270 3334 infra

151 3355 191 3423 (p.
210 3357 289 3420 148);
311 3393 360 3408 ...
380 3356 476 3422 quibus
494 3355 632 3421 murriJ'este
652 3355 813 3419 declaratur,
833 3373 887 3406 non
906 3355 990 3405 solum
1010 3355 1085 3420 apud
1102 3372 1159 3416 nos,
1178 3372 1270 3406 oerum

151 3429 233 3480 etiam
257 3431 331 3496 apud
358 3427 536 3481 schismaticos
561 3437 585 3480 et
610 3429 754 3479 haereticos
780 3429 844 3480 baec
867 3427 957 3479 omnia
982 3443 1037 3478 esse
1061 3436 1123 3478 rata
1147 3445 1195 3481 nec
1213 3429 1270 3480 ulla

151 3518 271 3568 anquam
290 3503 393 3555 ratione
411 3503 551 3564 iteranda3
571 3509 597 3553 et
615 3503 684 3552 infra
704 3502 741 3568 (p.
757 3500 820 3568 150)
840 3503 917 3552 affert
936 3501 1061 3553 Clemens
1081 3503 1164 3552 verba
1179 3505 1270 3570 Augu·

152 3578 231 3628 atini:
250 3577 289 3628 lta
302 3594 363 3646 erpo
375 3577 501 3642 necforis
517 3574 584 3627 siem
602 3593 650 3626 nec
661 3573 733 3626 intus
746 3574 894 3641 quisquam,
909 3573 957 3641 qui
971 3591 1004 3626 ea
1012 3583 1093 3641 parte
1106 3574 1208 3627 diaboli
1222 3585 1269 3641 est,

146 3657 235 3717 potest
252 3651 296 3704 uel
313 3651 343 3702 in
361 3667 388 3702 se
406 3651 448 3702 acl
465 3651 494 3700 in
506 3665 639 3716 quoquam
654 3651 788 3700 maculare
801 3657 1004 3714 sacramentum,
1024 3649 1094 3714 qaod
1108 3649 1205 3700 Obristi
1224 3659 1270 3702 est.

151 3725 215 3774 Huc
230 3731 336 3792 spectat
348 3723 420 3791 quod
433 3723 505 3790 apud
515 3723 690 3774 Waltramum
702 3721 753 3789 (11,
763 3720 793 3787 4)
806 3724 934 3790 scriptum
947 3725 1111 3775 invenimus:
1130 3721 1272 3776 Sciendum

153 3805 250 3861 autem,
275 3799 346 3864 quod
369 3796 511 3863 Wipbertus
536 3794 625 3862 aequit
644 3796 782 3848 catholicos
809 3813 935 3860 asserere,
954 3796 1003 3848 illa
1022 3813 1090 3862 quae
1101 3798 1175 3863 fiunt
1193 3806 1271 3850 entra

152 3870 288 3922 ecclesiam
312 3875 480 3922 sacramenta
502 3885 556 3920 non
575 3885 629 3920 esse
648 3887 695 3920 nee
714 3869 833 3934 aliquam
851 3871 1049 3922 damnationem
1067 3869 1191 3936 cuiquam
1210 3888 1270 3923 con-

144 3945 224 4009 ferre
245 3983 251 3996 .
273 3981 279 3995 .
300 3982 306 3996 .
328 3981 335 3995 .
355 3943 516 4008 assumitque
541 3941 571 3992 in
595 3941 770 3993 testimonium
794 3944 945 3996 assertionis
964 3961 1030 3995 suae
1049 3941 1194 4010 Aupustini
1212 3961 1270 3996 sen·

154 4016 271 4068 tentiam.
300 4018 425 4083 Denique
444 4017 521 4067 affert
539 4016 707 4067 adversarius
721 4016 869 4068 Clementis
888 4017 962 4083 apud
972 4017 1148 4068 Waltramum
1162 4018 1212 4084 (ΙΙ,
1225 4017 1269 4082 12)

153 4092 238 4142 verba
256 4091 404 4158 Wigberti:
431 4098 485 4140 tom
508 4090 537 4140 in
562 4088 656 4138 Italico
682 4105 762 4154 quarn
785 4089 944 4141 Tbeutonicc
967 4107 1047 4156 repno
1065 4091 1129 4156 fleri
1147 4091 1269 4156 rapinas,

152 4163 288 4228 incendia,
313 4162 502 4216 destructiones
525 4161 701 4226 ecclesiarum,
725 4163 837 4229 pemitus
862 4171 886 4215 et
909 4161 1028 4228 suspiria
1047 4163 1228 4228 orphanorum
1246 4173 1271 4215 et

151 4237 307 4289 uiduarum.
345 4237 449 4288 Eadem
468 4238 553 4289 verba
575 4237 653 4288 nobis
672 4243 815 4288 occurrunt
838 4238 867 4288 in
887 4237 1002 4304 epistula
1021 4237 1168 4289 Clementis
1188 4237 1270 4306 (Jafft

154 4313 188 4372 V,
209 4329 234 4378 p.
257 4311 330 4378 151).
