3114 4814
280 375 313 424 76
462 374 512 424 DE
532 371 690 425 UNITATE
709 371 912 425 acchaeus:
934 371 1208 424 CONSERVANDA.

205 539 497 615 1oas,(lh110nradus
526 563 634 606 comes
661 543 695 604 in
716 539 847 627 publico
870 538 1003 626 praelio,
1025 540 1103 604 dum
1124 562 1143 603 a
1168 551 1235 606 eret
1256 537 1300 604 ibi
1323 548 1402 604 stre·

281 627 427 692 nuissimi
450 625 561 690 militis
583 625 724 690 officium
745 647 804 711 pro
819 626 1012 710 imperatore
1027 563 1202 690 Henricho.
1238 624 1283 688 At
1302 623 1403 688 frater

281 712 350 776 eius
371 709 446 776 Udo
476 711 647 796 episcopus
677 721 790 797 captus
820 719 852 774 et
877 707 1056 774 vinculatus
1078 709 1119 774 ab
1142 707 1295 794 Egberdo
1317 730 1401 772 mar-

281 795 396 860 chione
418 796 570 860 sustinuit
591 793 707 860 multos
729 803 762 859 et
783 793 951 858 diuturnos
966 795 1127 858 cruciatus
1149 793 1208 859 sub
1231 794 1403 880 tyrannica

279 880 366 944 illius
393 877 589 962 crudelitate,
618 877 721 945 donec
748 879 957 964 promisisset,
978 878 1206 943 Hildinisheim
1236 877 1401 942 civitatem

281 966 486 1050 episcopatus
516 965 576 1046 sui,
603 986 701 1050 quam
731 985 790 1048 per
816 962 935 1028 multos
966 962 1034 1028 dies
1065 963 1151 1028 idem
1179 961 1322 1027 marchio
1345 983 1401 1047 op·

280 1057 492 1148 pugnaverat,
515 1070 549 1113 se
571 1047 765 1114 traditurum
787 1069 873 1130 esse;
897 1048 984 1146 quod
1005 1058 1113 1113 tamen
1134 1069 1199 1112 non
1219 1047 1305 1129 fecit,
1325 1044 1403 1112 licet

279 1133 333 1198 1lle
361 1141 518 1218 tyrannus
544 1133 601 1196 uni
630 1132 671 1198 de
700 1133 783 1197 datis
814 1131 980 1197 obsidibus
1008 1143 1106 1219 caput
1126 1131 1287 1218 amputari
1309 1153 1401 1217 prae·

281 1239 317 1283 ce
342 1219 411 1282 erit.

212 1319 270 1374 (xx)
318 1240 339 1305 p
366 1301 415 1365 19.
457 1298 638 1380 Celebrate,
661 1301 745 1364 sicut
767 1299 889 1365 dictum
913 1309 972 1380 est,
995 1310 1153 1366 conventu
1175 1301 1401 1386 episcoporum

280 1395 378 1472 atque
392 1385 587 1471 principum,
603 1384 697 1448 citius
712 1384 862 1450 abierunt
877 1383 1024 1448 catholici
1039 1406 1059 1447 a
1075 1382 1211 1449 concilio
1226 1383 1402 1468 malignan-

280 1472 370 1551 tium,
392 1492 433 1534 ne
455 1469 537 1533 forte
558 1467 738 1534 inciderent
759 1470 792 1532 in
807 1490 921 1532 manus
937 1469 1137 1533 inimicorum
1162 1491 1310 1550 suornm,
1334 1467 1403 1554 qui-

281 1555 343 1618 bus
366 1553 452 1619 enim
475 1564 652 1639 parcerent,
677 1553 794 1638 quide
817 1575 947 1617 suorum
963 1553 1062 1618 caede
1085 1553 1215 1640 quidem
1239 1553 1402 1618 sociorum

282 1659 352 1702 sese
378 1659 444 1701 non
472 1636 725 1702 abstinuissent?
768 1637 833 1704 Sed
860 1637 909 1701 his
939 1639 985 1702 ita
1030 1638 1117 1718 estis,
1139 1637 1256 1702 deinde
1278 1637 1403 1702 indicta

282 1731 332 1787 est
363 1722 506 1807 synodus
538 1721 626 1808 apud
658 1723 859 1822 Mogentiam
896 1661 1039 1787 secunda
1070 1720 1294 1787 hebdomada1
1328 1719 1403 1807 'post

282 1805 404 1892 pascha
426 1807 603 1871 secundum
627 1818 889 1872 constrtutronem
911 1806 1225 1893 sedisapostolicae,
1248 1805 1304 1872 ubi
1326 1827 1400 1870 con·

282 1901 440 1956 venerunt
471 1913 545 1955 cum
576 1892 767 1976 imperatore
799 1891 897 1976 legati
926 1892 1029 1977 ipsius
1060 1901 1282 1958 sacrosanctae
1315 1889 1400 1955 sedis

282 1975 488 2063 apostolicae,
511 1975 625 2040 Petrus
647 1974 770 2042 scilicet
791 1977 963 2062 episcopus
985 1976 1171 2040 Portuensis
1193 1975 1347 2042 ecclesiae
1368 1983 1401 2038 et

283 2059 348 2124 duo
377 2059 555 2125 cardinales
580 2059 746 2124 Romanae
775 2059 939 2128 ecclesiae.
983 2059 1106 2124 Aderat
1134 2061 1230 2126 etiam
1259 2059 1400 2125 omnium

283 2145 508 2230 episcoporum
538 2165 714 2208 consensus
742 2145 811 2208 sive
841 2143 881 2208 de
909 2143 1025 2208 Italia²
1055 2145 1122 2208 sive
1150 2145 1189 2209 de
1219 2145 1335 2226 Gallia,
1366 2143 1400 2206 in

284 2250 421 2314 quorum
449 2227 580 2291 alternis
610 2228 760 2292 cordibus
781 2229 862 2294 vivit
884 2227 1035 2312 spiritalis
1057 2250 1149 2294 amor
1170 2237 1202 2294 et
1223 2231 1336 2315 gratia,
1359 2227 1401 2292 de

284 2311 433 2412 qualibus
456 2313 568 2376 scribit
590 2322 718 2376 sanctus
743 2311 925 2398 Cyprianus
949 2313 1158 2398 episcopus³:
1196 2329 1334 2392 Ueritatem,
1353 2313 1400 2375 in·
1430 2317 1434 2326 '

285 2417 408 2482 qulen8,
431 2421 518 2463 tersere
528 2412 644 2477 firmiter
663 2417 687 2464 et
704 2411 844 2463 vindicare
863 2411 986 2463 debemus
1004 2413 1119 2464 manime
1137 2430 1185 2464 nce
1208 2409 1330 2478 episcopi,
1353 2411 1401 2476 qui

283 2485 312 2537 in
337 2483 446 2538 ecclesia
464 2485 659 2550 praecidamus,
685 2494 715 2536 at
740 2487 918 2552 episcopatum
936 2503 1038 2552 qaoque
1056 2503 1141 2536 ausam
1160 2494 1237 2551 atque
1256 2483 1402 2537 indivisum

279 2568 429 2636 probemus.
455 2552 688 2618 Praesidebant
702 2574 830 2640 quoque
844 2554 919 2618 huic
935 2576 949 2616 s
974 2553 1058 2618 nodo
1066 2553 1250 2618 Weaelinus
1266 2553 1401 2637 Mogun-

283 2637 369 2700 tinae
392 2635 545 2702 ecclesiae
567 2636 829 2724 archiepiscopus
851 2648 883 2703 et
897 2577 1068 2703 Eillierdus
1082 2637 1283 2702 Trevirensis
1301 2635 1402 2701 archi-

284 2721 457 2807 episcopus
479 2729 575 2808 atque
597 2722 770 2808 Sigevinus
793 2721 993 2788 Coloniensis
1013 2722 1286 2808 archiepiscopus.
1329 2721 1402 2784 Lie-

284 2826 393 2870 marus
422 2815 530 2870 autem
559 2807 741 2870 Premensis
770 2807 1051 2894 archiepiscopus,
1082 2809 1157 2893 quia
1184 2827 1250 2870 non
1275 2814 1404 2890 poterat

284 2889 407 2974 adesse,
429 2891 560 2956 miserat
573 2889 649 2955 illuc
670 2890 793 2976 legatos
809 2913 894 2973 suos,
916 2892 1060 2956 suaviae
1105 2891 1281 2971 romittens,
1303 2912 1337 2954 se
1359 2889 1401 2954 ad

285 2975 393 3038 omnia
422 2996 663 3058 consensurum,
691 2996 773 3060 quae
802 2977 984 3061 pertineant
1011 2975 1053 3039 ad
1081 2914 1178 3040 hdem
1211 2973 1401 3039 catholicam

285 3067 318 3122 et
331 3057 373 3121 ad
411 3079 502 3124 acem
524 3069 557 3124 at
580 3081 621 3122 ue
643 3060 798 3124 unitatem
820 3058 985 3126 ecclesiae.
1014 3057 1143 3146 Reliqui
1157 3080 1233 3124 vero
1256 3059 1402 3144 episcopi

286 3142 342 3228 qui
367 3079 434 3207 illic
463 3153 531 3208 tum
558 3081 691 3208 luerunt
723 3142 756 3207 hi
784 3153 869 3226 sunt,
902 3166 1039 3231 quorum
1067 3144 1199 3208 nomina
1221 3143 1403 3229 subscripta

286 3333 355 3383 quae
369 3325 529 3368 conventum
549 3318 738 3384 sequebantur.
767 3319 836 3370 Nam
857 3335 903 3370 eos
923 3321 969 3386 qui
988 3319 1022 3368 ab
1041 3320 1202 3385 imperatore
1222 3317 1332 3370 stabant
1349 3333 1402 3369 non

284 3397 340 3442 tam
370 3391 474 3442 cladem
504 3393 643 3459 accepisse
672 3409 751 3459 quam
779 3394 919 3444 victoriam
947 3394 976 3442 in
1003 3392 1051 3443 illo
1081 3397 1214 3443 conventu
1241 3398 1401 3460 reportasse,

286 3471 399 3532 apparet
414 3464 543 3525 callode,
564 3466 635 3532 quod
655 3483 706 3516 nec
718 3466 779 3517 Udo
800 3468 911 3533 eiusque
930 3467 1080 3517 fraternae
1101 3472 1212 3532 uterque
1225 3465 1403 3516 Thiedericus

286 3539 320 3588 ad
340 3545 431 3604 partes
449 3539 575 3590 factionis
594 3555 658 3590 suae
677 3541 775 3591 reverti
794 3539 943 3590 voluerunt.
971 3540 1082 3590 Praeter
1100 3539 1276 3590 Waltramum
1297 3538 1331 3589 de
1350 3539 1401 3588 hac

285 3627 314 3660 re
332 3611 365 3662 cf.
380 3613 449 3663 Anu.
462 3613 590 3677 Magdeb.
610 3613 671 3676 (SS.
685 3614 758 3677 XVI,
778 3631 804 3680 p.
821 3614 881 3663 176.
902 3611 977 3679 177),
996 3614 1064 3664 Ano.
1079 3614 1142 3664 Sax.
1162 3612 1279 3676 (savl,
1298 3629 1324 3678 p.
1339 3611 1400 3660 721.

286 3683 360 3746 722),
385 3685 490 3736 Elskeh.
512 3685 574 3737 chr.
594 3686 655 3752 (SS.
675 3687 723 3751 VI,
747 3705 772 3753 p.
795 3685 871 3754 206).
911 3686 951 3738 Cf.
971 3686 1077 3750 Hefele,
1097 3683 1349 3750 ‘conciliengesch'
1368 3683 1402 3747 V,

285 3775 312 3825 p.
328 3759 389 3810 160.
410 3765 437 3810 et
455 3759 685 3810 ‘Rundsohreiben
706 3760 753 3811 des
772 3761 944 3827 p‘apstlichen
961 3760 1087 3826 Legaten
1107 3762 1171 3812 Otto
1191 3777 1216 3811 v.
1230 3759 1306 3810 Ostia
1320 3757 1401 3808 Febr.

287 3829 366 3880 1085*
386 3833 457 3899 apud
478 3833 661 3896 Gissebrecht
682 3835 791 3886 ‘Gesch
812 3833 860 3884 der
879 3834 1001 3885 deutscb.
1020 3834 1178 3885 Kaiserzeit’
1198 3833 1252 3895 ΙΙΙ,
1271 3849 1298 3898 p.
1319 3831 1401 3883 1234.

287 3907 314 3966 1)
341 3905 382 3956 cf.
408 3905 442 3956 de
461 3906 513 3956 hac
532 3907 635 3972 synodo
660 3907 767 3958 arken.
789 3907 852 3958 chr.
878 3908 938 3970 (SS.
958 3908 1007 3972 VI,
1033 3925 1059 3974 p.
1079 3907 1156 3974 205),
1184 3905 1314 3958 Bernoldi
1339 3905 1402 3956 chr.

286 3979 387 4042 (ΒΗ,
401 3997 427 4046 p.
438 3979 515 4044 443),
526 3981 658 4046 sigebert.
670 3979 786 4048 (SSNI,
799 3999 824 4048 p.
836 3981 912 4046 365).
970 3980 999 4046 2)
1014 3980 1055 4032 cf.
1066 3981 1173 4032 Elkeh.
1187 3981 1206 4032 1.
1218 3995 1256 4032 c.:
1277 3976 1404 4046 Sporadas

286 4051 438 4120 Mogontiae
451 4054 569 4118 babetur,
589 4053 632 4106 cui
643 4053 765 4120 interfuit
776 4053 928 4121 imperator,
947 4053 993 4104 abi
1000 4054 1186 4120 praesentibus
1200 4054 1292 4121 lepatia
1304 4052 1402 4104 Boma-

286 4143 381 4178 norum
405 4144 492 4180 omues
517 4125 632 4194 episcopi
651 4127 759 4180 rebelles
783 4127 938 4196 imperatori
962 4128 1112 4194 deponendi
1136 4125 1301 4190 iudicantur,
1325 4125 1404 4178 ceteri

286 4217 348 4252 vero
368 4200 543 4264 anathemate,
563 4211 592 4251 at
612 4199 760 4264 uidebatur,
780 4203 1016 4268 condempnantur.
1045 4200 1089 4251 Iba'
1107 4202 1186 4252 etiam
1198 4198 1328 4252 communi
1341 4215 1401 4251 con·

286 4291 365 4326 sensu
385 4279 462 4340 atque
481 4273 587 4327 consilio
606 4275 748 4327 constituta
762 4281 873 4341 estpars
891 4273 953 4326 Dei.
983 4277 1048 4326 Eius
1068 4277 1143 4341 pacis
1163 4275 1230 4341 (LL.
1251 4275 1290 4338 ΙΙ,
1310 4291 1335 4340 p.
1356 4272 1404 4338 bb)

285 4348 449 4400 Waltramus
467 4365 597 4415 nusquam
616 4351 778 4402 mentionem
798 4351 872 4400 lacit.
946 4347 976 4415 3)
999 4348 1127 4415 Cypriani
1147 4351 1238 4414 Opera
1256 4365 1282 4415 p.
1304 4347 1366 4396 213.
