3098 4818
444 363 568 414 BRUNO
588 361 638 412 Du
657 360 778 413 BELLO
799 360 992 414 ssxoulco.
1244 359 1279 407 27

152 530 227 597 cuit
248 529 415 616 epistolam
438 551 628 616 supponere,
651 538 687 594 ut
701 551 742 592 ex
756 529 817 593 hae
833 551 942 595 omnes
963 529 1053 614 alias,
1075 531 1152 616 quia
1167 550 1278 596 omnes
1290 551 1354 593 1ou.

158 615 255 680 unius
276 614 364 679 modi
386 623 485 690 erant,
508 612 642 700 quilibet
662 613 764 699 possit
784 634 968 698 agnoscere.

241 700 293 764 42.
335 699 487 763 Domno⁸
509 699 701 846 Sipifridob
726 696 850 762 Obristi
870 701 1076 764 sanctissimo
1105 699 1278 780 sacerdoti,

165 783 394 848 Werinberus⁰
414 783 487 847 licet
507 785 543 847 in
568 783 670 868 iqnus
691 792 824 847 sanctae
839 783 1159 869 Mapedaburpensis
1181 781 1276 846 ecele-

153 869 229 932 siae
252 866 532 967 archiepiscopus,
561 875 590 928 et
617 890 689 930 cam
716 890 752 932 eo
781 889 889 932 omncs
911 868 1082 932 Sauoniae
1103 865 1277 952 praesules

158 951 257 1015 duces
279 961 417 1032 cometes,
440 960 468 1015 et
490 953 641 1014 uniuersi
662 951 760 1015 simul
781 951 891 1016 clerici
911 952 960 1016 ael
978 952 1069 1034 laici,
1092 953 1208 1037 mapni
1229 951 1278 1016 ael

147 1036 270 1118 parui,
297 1038 477 1100 orationem
503 1035 650 1099 devotam
674 1037 807 1118 pariter
835 1044 864 1097 et
885 1038 1068 1100 seruitutem
1090 1037 1276 1100 subiectam.

158 1117 358 1202 Multiplices
373 1128 402 1181 et
416 1141 558 1204 maqnae
573 1117 809 1200 tribulationes,
825 1142 910 1204 quae
925 1143 984 1184 nos
1000 1123 1120 1184 nostris
1160 1122 1277 1184 secatis

152 1203 214 1266 eui
237 1203 363 1266 entibus
391 1201 682 1268 inremediabiliter
711 1205 780 1267 nisi
802 1206 913 1288 pietas
945 1205 1064 1268 diuina
1096 1143 1279 1268 subvenerit

159 1307 182 1348 a
222 1287 328 1371 ipunt,
351 1289 492 1350 omnium
515 1289 573 1372 qui
594 1287 642 1351 uel
660 1288 766 1350 Deum
788 1289 900 1351 timent
921 1287 972 1351 ael
992 1311 1025 1352 se
1046 1289 1190 1354 bomines
1212 1310 1279 1352 esse

158 1381 368 1516 capnoscunt,
395 1371 658 1435 misericordiam
687 1371 881 1456 suppliciter
914 1395 1068 1457 quaerere
1100 1396 1161 1437 nos
1194 1394 1277 1436 com-

153 1475 199 1538 pe
213 1453 294 1517 lunt.
358 1454 449 1518 Unde
485 1457 567 1540 quia
601 1464 738 1519 uestram
776 1453 998 1520 eccellentiam
1030 1457 1138 1520 Deum
1169 1459 1279 1520 timere

148 1539 287 1622 pariter
301 1548 330 1602 et
345 1561 458 1603 amare
473 1541 706 1622 capnoscimus,
721 1539 907 1624 specialiter
923 1541 969 1604 ad
984 1539 1140 1604 almitatis
1154 1549 1279 1604 uestrae

157 1622 418 1687 misericordiam
447 1622 668 1708 confuqimus,
697 1624 863 1687 humiliter
889 1633 1030 1705 orantes,
1059 1633 1095 1688 ut
1119 1647 1183 1710 pro
1205 1626 1279 1709 ipso

158 1705 224 1768 Dei
245 1707 358 1770 timore
380 1729 517 1770 causam
540 1716 684 1771 nostram
706 1709 790 1771 iuste
801 1710 954 1790 pensetis,
977 1719 1006 1772 et
1024 1710 1055 1772 si
1068 1710 1158 1772 iusta
1168 1708 1280 1792 fuerit

158 1789 303 1870 inventa,
325 1791 573 1854 misericordiae
595 1799 719 1854 uestrae
741 1792 834 1855 nobis
856 1791 1022 1855 ancilium
1042 1793 1152 1875 ipsius
1169 1814 1279 1856 amore

157 1874 316 1954 iustitiae,
339 1896 422 1959 quae
440 1873 589 1939 Christus
612 1883 667 1954 est,
689 1875 853 1939 tribuatis.
889 1873 1053 1941 Dominus
1082 1884 1190 1958 noster
1208 1897 1277 1958 resa,

152 1966 331 2042 postquam
341 1957 461 2042 factus
484 1958 671 2022 adolescens
694 1957 815 2021 abiecto
832 1960 1029 2042 principum
1050 1981 1183 2022 suorum
1203 1982 1276 2022 con-

157 2040 235 2105 silio
262 2043 317 2105 sui
345 2043 432 2105 iuris
459 2064 525 2106 esse
554 2043 675 2126 coepit,
702 2051 731 2105 et
756 2065 867 2107 eorum
894 2046 953 2126 qui
979 2067 1037 2108 nec
1060 2065 1199 2128 aequum
1220 2065 1278 2106 nec

155 2124 278 2189 bonisne
299 2127 519 2206 considerant,
541 2129 730 2212 mapisterio
752 2149 784 2189 se
806 2127 962 2207 subdidit,
985 2150 1109 2212 semper
1137 2148 1196 2190 nos
1223 2127 1275 2188 in·

156 2208 250 2273 solito
272 2233 360 2274 more
382 2210 558 2296 quaerebat
579 2212 772 2296 opprimere,
795 2211 880 2275 bona
901 2221 1016 2276 nostra
1036 2211 1130 2275 nobis
1152 2212 1277 2295 eripere

156 2296 291 2380 suisque
304 2293 541 2376 familiaribus
563 2318 602 2358 ea
624 2297 825 2373 contradere,
847 2318 914 2360 noa
938 2297 974 2360 ob
1005 2294 1108 2360 aliam
1134 2293 1277 2378 culpam,

156 2377 227 2440 nisi
254 2379 336 2460 quia
361 2378 413 2442 illi
443 2378 531 2443 domi
557 2400 680 2462 parum
707 2379 755 2443 ael
784 2380 887 2444 nichil
910 2381 1070 2445 habebant
1098 2389 1127 2441 et
1155 2387 1277 2442 terram

158 2469 304 2524 nostram
325 2459 538 2606 fructuosam
569 2463 732 2528 videbant.
784 2465 899 2549 Itaque
931 2467 1113 2528 munitiora
1147 2471 1277 2526 nostrae

156 2545 304 2628 reqionis
339 2565 398 2608 oca
411 2544 610 2628 fortissimis
632 2546 773 2610 castellis
796 2552 977 2631 occupavit,
1006 2551 1045 2611 in
1073 2547 1192 2630 quibus
1220 2569 1275 2609 ar-

156 2636 261 2691 matos
283 2649 349 2692 non
397 2651 497 2692 aucas
519 2631 695 2710 constituit,
718 2632 777 2715 qui
798 2653 857 2694 nos
880 2640 938 2694 aut
953 2631 1112 2696 semiliter
1131 2630 1196 2693 sibi
1210 2651 1276 2692 ser-

156 2711 227 2774 uire
243 2651 465 2796 compeliirent
480 2722 538 2776 aut
552 2712 730 2778 libertatem
746 2713 918 2797 defendere
932 2713 1071 2778 uolentes
1086 2713 1277 2778 occiderent.

157 2793 210 2858 Ibi
237 2805 365 2880 quanta
386 2797 552 2880 pericula,
582 2806 725 2881 quantas
746 2797 968 2879 contumelias,
997 2796 1124 2883 quanta
1152 2797 1277 2860 damna

157 2881 194 2943 in
207 2883 327 2944 uostris
343 2881 545 2964 corporibus,
560 2883 597 2946 in
613 2882 734 2946 nostris
748 2882 917 2963 uscoribus,
933 2885 969 2946 in
981 2883 1104 2945 uostris
1115 2882 1275 2965 possessi-

155 2964 275 3027 onibus
292 2966 393 3050 passi
414 2965 560 3044 samuel,
583 2975 612 3028 et
633 2966 775 3051 qualiter
795 2967 873 3029 inde
894 2989 952 3030 nos
975 2966 1021 3029 ad
1042 2975 1167 3049 tempus
1182 2966 1275 3028 mise-

156 3048 306 3111 ricordia
320 3049 385 3110 Dei
399 3048 580 3130 liberauit⁰,
596 3053 677 3134 quia
691 3051 780 3114 vobis
794 3058 905 3114 notam
920 3072 987 3114 esse
1002 3051 1164 3114 credimus
1174 3071 1276 3132 prae·

154 3133 300 3196 terimus.
342 3133 519 3218 Postquam
540 3155 614 3197 uero
636 3143 818 3218 tempestate
844 3143 940 3199 tanta
961 3134 1190 3199 misericordia
1212 3131 1278 3196 Dei

155 3215 273 3278 sedata
294 3239 413 3300 pacem
441 3225 469 3280 et
496 3219 642 3302 qratiam
670 3239 765 3281 suam
791 3217 884 3282 nobis
910 3219 1067 3300 reddidit,
1089 3214 1194 3282 nicbil
1216 3237 1276 3278 nos

154 3300 278 3362 scimus
300 3309 415 3362 contra
436 3323 508 3364 eum
519 3299 670 3384 fecisses,
699 3301 786 3364 unde
807 3304 918 3366 merito
938 3303 1050 3366 debeat
1064 3305 1102 3365 in
1118 3322 1178 3365 nos
1193 3301 1275 3363 reci·

155 3381 239 3445 diua
259 3379 342 3446 bella
363 3405 498 3447 movere.
541 3385 688 3452 Praedia
711 3408 795 3470 quae
817 3387 1012 3470 querebatur
1038 3386 1160 3462 ablata,
1188 3382 1276 3468 lepa-

154 3466 200 3528 tis
222 3467 331 3549 ipsius
352 3466 568 3546 reddidimus,
591 3469 691 3533 donec
711 3471 781 3552 ipsi
795 3469 896 3554 lopati
910 3471 1076 3549 disserunt,
1092 3466 1195 3531 niebil
1210 3489 1277 3530 esse

156 3548 319 3634 reliquam
353 3551 441 3635 quod
468 3552 608 3616 *reddere
641 3552 835 3616 deberemus.
897 3551 1039 3618 Castella
1070 3552 1120 3615 ael
1152 3561 1273 3615 ceteras

156 3635 354 3698 munitiones
369 3638 471 3719 quas*
486 3639 523 3700 in
534 3639 655 3701 nostris
664 3639 821 3723 partibus
833 3636 959 3700 destrui
969 3637 1150 3720 praecepit,
1167 3655 1274 3699 omnes
1284 3659 1318 3711 sp.
1327 3661 1379 3704 su.

155 3717 411 3803 confreqimust,
438 3721 506 3783 nisi
533 3743 617 3805 quas
645 3723 714 3805 ipse
741 3720 835 3784 nobis
860 3720 1065 3786 nolentibush
1093 3729 1179 3784 stare
1197 3740 1274 3802 per-

156 3802 255 3864 misit.
299 3803 349 3866 De
371 3807 566 3868 monasterio
588 3827 648 3868 siro
671 3804 830 3869 destructo
851 3805 900 3869 vel
914 3807 953 3870 de
969 3805 1127 3890 sepulcris
1142 3802 1213 3886 filii
1227 3800 1276 3868 ael

145 3882 278 3967 fratris
299 3888 353 3950 sui
374 3885 506 3951 uiolatis
527 3897 555 3952 et
578 3889 702 3952 assibus
724 3911 834 3953 eorum
861 3889 1007 3954 disiectis
1035 3913 1108 3952 cum
1135 3886 1276 3973 qualiter

144 3975 283 4061 sactum
304 3975 346 4036 sit
369 3972 553 4052 audieritis,
575 3975 656 4056 quia
678 3995 738 4036 nos
754 3996 865 4037 sumus
879 3975 1066 4038 innocentes
1081 3972 1275 4058 aquosaetis.

157 4167 181 4220 s)
198 4170 300 4208 Domino
321 4169 342 4216 1,
362 4164 399 4204 scd
418 4162 481 4204 initio
500 4163 586 4213 praloqs'
606 4168 624 4202 st
644 4163 708 4214 infra
728 4174 745 4201 c.
763 4164 791 4202 49
813 4164 898 4204 nomn.
915 4175 959 4213 qua
979 4160 1130 4209 versiforme
1150 4159 1277 4198 Brunonem

155 4227 245 4277 saepius
260 4239 323 4267 usum
338 4235 381 4264 esse
396 4224 503 4270 mismo,
523 4223 560 4261 sca
580 4222 657 4261 codicis
672 4223 821 4262 auctoritatem
836 4227 919 4262 cccmus
934 4223 958 4261 in
978 4232 1004 4260 re
1018 4222 1101 4260 incerta
1122 4218 1177 4257 nibil
1192 4222 1278 4258 mutare

157 4289 223 4327 catut.
246 4288 276 4328 W.
337 4281 361 4334 b)
379 4281 401 4324 S.
416 4285 436 4322 l.
483 4281 505 4336 c)
516 4283 551 4323 W.
564 4283 584 4322 1.
631 4278 654 4330 d)
671 4282 743 4321 simus
759 4282 780 4320 2.
826 4282 847 4332 c)
864 4281 999 4321 liberaverit
1014 4281 1035 4320 2.
1082 4275 1241 4328 Odeltquisss
1257 4280 1278 4321 2.

157 4345 182 4399 g)
198 4349 231 4387 tta
246 4350 270 4398 ²3
287 4343 437 4392 confregimus
454 4346 474 4384 1.
536 4339 561 4392 h)
577 4340 708 4382 volentibus
724 4343 744 4381 2.
