3098 4818
435 352 556 404 BRUNO
575 354 625 404 DE
643 354 764 406 BELLO
783 354 971 406 SAXONIOO.
1231 357 1265 408 51

147 519 272 601 dicunt,
295 521 374 585 lcaec
397 522 444 585 ad
465 545 546 586 suae
561 520 765 604 defensionis
787 522 967 587 audaciam
981 531 1048 587 tam
1068 524 1267 610 ipnorantia
1277 541 1343 584 1⁰81·

147 627 247 690 quam
259 606 398 669 miserae
412 606 652 691 desperationis
667 607 821 670 uecordia
837 615 1017 691 coaptasse.
1039 607 1109 674 Nec
1123 609 1265 692 mirum,

146 711 216 753 mos
238 698 284 752 est
305 689 392 752 enim
412 690 626 838 rpproborum
655 690 692 754 ob
720 712 801 754 suae
828 692 995 776 nequitiae
1010 694 1265 838 protectionem·

147 772 329 836 consimiles
350 773 415 838 sibi
459 774 723 921 efendereNquia
739 796 807 858 pro
828 773 951 840 nichilo
966 775 1010 838 lea
1031 784 1084 839 ent
1098 776 1266 841 mendacii

142 856 362 942 perditionem
383 859 564 922 incurrere.
642 881 696 921 am
717 868 754 920 ut
775 857 815 922 de
835 858 946 922 multis
964 882 1083 945 pauca
1104 861 1265 943 disemos,

166 942 220 1004 uis
240 942 377 1026 ipnorat
397 964 504 1006 vocem
525 942 653 1007 dornini
674 964 714 1006 ac
735 942 912 1007 salvatoris
930 944 1036 1007 nostri
1049 944 1126 1008 Iesu
1143 943 1266 1010 Clcristi

145 963 284 1090 dicentis
306 1027 344 1089 in
365 1025 558 1112 euanpelio:
582 1027 641 1090 ‘Tu
661 1049 693 1090 es
708 1026 834 1108 Petrus,
857 1036 887 1090 et
906 1049 946 1090 su
972 1048 1007 1089 er
1028 1027 1114 1092 lzanc
1132 1038 1264 1114 petram
1282 1038 1358 1082 nam.

146 1109 326 1190 aedificabo
353 1108 521 1175 ecclesiam
546 1133 661 1190 meam,
691 1119 720 1172 et
747 1120 862 1194 portae
889 1049 996 1194 insili
1023 1133 1090 1176 non
1116 1099 1357 1196 praeeo-¹⁶’¹⁸'

145 1191 254 1256 lebant
277 1194 435 1258 adversus
456 1217 537 1258 eam.
580 1194 625 1257 Et
645 1193 705 1258 tibi
726 1194 811 1258 dabo
840 1193 947 1259 claves
974 1218 1009 1260 re
1034 1197 1072 1259 ui
1092 1196 1262 1278 coelorum,

144 1286 174 1342 et
225 1277 417 1362 uodcunque
446 1277 604 1364 lipaoeris
632 1287 897 1362 superterram,
926 1279 989 1342 erit
1010 1218 1154 1364 lipatum
1175 1289 1204 1344 et
1224 1282 1262 1344 in

144 1299 257 1443 coelis,
287 1371 316 1425 et
344 1362 559 1446 quodcunque
581 1359 715 1426 solveris
742 1385 843 1446 super
869 1371 1009 1444 terram,
1040 1365 1103 1427 erit
1123 1363 1263 1428 solutum

144 1455 174 1510 et
199 1447 237 1510 in
267 1444 394 1510 coelisl'
436 1446 609 1532 Numquid
637 1446 691 1510 lcic
718 1455 796 1510 sunt
821 1469 856 1509 re
880 1469 913 1510 es
942 1449 1078 1531 excepti,
1111 1457 1170 1511 out
1195 1471 1263 1512 non

143 1539 222 1593 sant
242 1529 282 1594 de
304 1529 417 1594 ovibus
438 1554 523 1616 quas
536 1529 634 1612 filius
648 1529 714 1594 Dei
734 1530 825 1595 beato
840 1470 935 1595 llere
957 1530 1138 1595 commisit?
1171 1528 1262 1612 Quis,

141 1637 234 1700 rope,
255 1615 294 1677 in
316 1615 378 1677 ltoc
399 1613 604 1678 universalib
626 1614 830 1679 concessione
851 1614 985 1700 lipardi
999 1624 1095 1714 atque
1116 1613 1264 1681 soluendi

143 1721 165 1761 a
185 1706 341 1782 potestate
361 1698 452 1761 Petri
473 1720 506 1761 se
528 1696 694 1761 emelinam
715 1719 781 1760 esse
809 1699 984 1779 existimat,
1013 1697 1186 1845 nesilforte
1206 1702 1259 1764 in·

132 1783 226 1868 felioc
253 1780 318 1862 ille,
355 1783 414 1866 qui
441 1782 558 1866 iupum
587 1781 727 1844 Domini
755 1790 891 1864 portare
918 1779 1039 1862 nolens,
1097 1782 1200 1847 iaboli
1226 1804 1261 1846 se

141 1866 261 1930 subicit
293 1867 395 1946 oneri,
431 1873 460 1929 et
491 1866 529 1928 in
561 1885 696 1928 numero
728 1865 838 1928 ovium
867 1863 991 1930 Cltristi
1018 1887 1085 1929 esse
1110 1866 1261 1930 recusat?

144 1950 208 2017 Oui
227 1959 336 2011 tamen
359 1949 417 2012 leae
439 1949 486 2011 ad
505 1949 658 2012 miseram
678 1947 855 2012 libertatem
868 1949 1001 2012 minime
1010 1947 1156 2035 proficit,
1179 1953 1261 2032 quia

134 2042 328 2120 potestatem
342 2032 432 2096 Petri
453 2033 616 2097 divinitus
638 2031 702 2096 sili
722 2053 907 2096 concessam
929 2055 952 2096 a
973 2032 1117 2116 superba
1137 2034 1260 2098 ceruice

140 2119 281 2199 eucntit,
314 2119 472 2200 quoniam
493 2127 617 2200 quanto
640 2139 712 2180 eam
734 2117 871 2202 quisque
886 2139 953 2201 per
979 2115 1150 2180 elationem
1161 2116 1259 2200 ferre

141 2203 291 2288 abrepat,
324 2210 413 2266 tanto
446 2200 566 2265 durius
596 2202 642 2264 ad
670 2201 914 2265 damnationem
942 2223 1039 2266 suam
1066 2202 1105 2265 in
1131 2200 1258 2266 iudicio

133 2296 259 2372 portat.
302 2285 401 2349 Hanc
423 2286 534 2371 itaque
557 2285 692 2349 divinae
713 2283 893 2349 voluntatis
922 2286 1169 2365 institutionem,
1198 2284 1258 2348 lcoc

131 2371 378 2454 fimnamentum
418 2369 678 2453 dispensationis
722 2367 902 2450 ecclesiae*
946 2370 1004 2434 lcoc
1041 2367 1366 2455 privilepium⁸r.³⁵⁷·

138 2457 251 2519 leato⁰
272 2453 366 2516 Petro
389 2451 611 2536 apostolorum
632 2454 790 2538 principi
822 2451 948 2517 coelesti
975 2454 1099 2518 decreto
1124 2455 1255 2537 princi-

133 2538 261 2624 paliter
281 2537 441 2600 traditum
462 2545 558 2622 atquc
570 2536 753 2618 firmatum,
774 2538 882 2600 sancti
897 2545 1015 2620 patres
1036 2560 1110 2601 cum
1130 2559 1257 2622 mapua

137 2623 346 2687 ueneratione
368 2621 579 2704 suscipientes
600 2629 696 2704 atque
712 2629 887 2700 servantes,
908 2629 1057 2684 sanctam
1069 2621 1257 2684 Romanam

138 2706 304 2772 ecclesiam
325 2704 443 2769 tamin
459 2704 668 2790 pennalibus
683 2703 842 2785 conciliis,
865 2726 964 2788 quum
977 2705 1075 2768 etiam
1088 2705 1126 2767 in
1142 2705 1256 2768 ceteris

138 2792 272 2876 scriptis
301 2797 330 2854 et
357 2789 456 2874 pestis
482 2789 552 2851 suis
579 2788 797 2852 universalem
822 2796 957 2852 matrem
985 2786 1255 2872 appellaverunt,

137 2884 166 2940 et
187 2877 272 2938 sicin
293 2875 364 2937 eius
386 2871 579 2936 documenta
600 2873 638 2936 in
661 2871 905 2954 confirmatione
919 2871 1005 2954 fidei
1026 2880 1055 2934 et
1070 2871 1255 2936 auditione

136 2981 253 3024 sacrae
284 2955 465 3044 relipionis,
500 2958 551 3020 ita
582 2959 680 3020 etiam
711 2955 842 3020 iudicia
874 2964 1095 3041 suscoperunt,
1126 2957 1164 3020 in
1196 2955 1255 3020 lcoo

136 3045 368 3108 consentientes
383 3049 412 3105 et
427 3042 525 3126 quasi
547 3062 614 3104 uno
635 3041 759 3125 spiritu
780 3049 810 3102 et
829 3063 899 3104 una
920 3061 995 3104 voce
1010 3040 1253 3121 concordantes,

137 3149 245 3192 omnes
265 3129 403 3190 maiores
429 3147 482 3188 res
508 3133 537 3188 et
589 3125 751 3208 raecipua
779 3125 921 3210 repotia,
954 3146 1081 3189 necnon
1110 3126 1255 3188 omnium

135 3209 344 3275 ecclesiarum
364 3208 504 3289 iudicia,
528 3147 665 3272 adeam
686 3209 785 3292 quasi
807 3207 852 3270 ad
872 3216 1008 3272 matrem
1030 3217 1059 3272 et
1079 3215 1181 3292 caput
1202 3207 1254 3270 de·

136 3294 207 3360 lere
235 3292 355 3376 referri
361 3315 374 3373 ,·
408 3292 448 3355 ab
481 3314 520 3354 ea
553 3315 617 3356 nus
639 3314 718 3355 uam
750 3290 928 3377 appellari,
963 3292 1094 3356 iudicia
1127 3292 1199 3355 eius
1231 3313 1254 3354 a

135 3380 263 3443 nemine
277 3377 454 3441 retractari
475 3385 534 3438 aut
547 3315 656 3460 refelli
676 3376 788 3439 debere
811 3384 869 3439 aut
877 3396 986 3458 posse.
1028 3375 1120 3439 Unde
1141 3374 1254 3438 leatus

136 3460 290 3526 Gelasius
306 3483 406 3546 papa
420 3459 600 3523 Anastasio
622 3461 667 3522 im
692 3461 817 3523 crateri
831 3459 985 3539 scribens,
1008 3459 1126 3523 divina
1139 3458 1253 3543 fultus
1262 3473 1342 3524 eze-1⁰·

135 3547 338 3623 auctoritate,
361 3545 487 3630 quidet
521 3540 642 3607 ualiter
660 3481 700 3606 de
709 3544 910 3627 principatu
931 3550 1065 3606 sanctae
1079 3551 1108 3606 et
1123 3550 1250 3627 aposto-

133 3630 216 3696 licae
239 3629 326 3694 sedis
348 3629 467 3692 sentire
489 3566 624 3708 deberet,
653 3627 711 3692 lsoc
731 3627 827 3691 modo
849 3649 920 3690 eum
941 3628 1124 3690 instrepit:
1157 3627 1250 3708 ‘Etsi

132 3716 253 3800 inquit,
282 3715 407 3777 cunctis
434 3710 632 3798 peneraliter
660 3709 884 3775 sacerdotibus
913 3719 996 3775 recte
1022 3709 1141 3776 diuina
1162 3720 1249 3774 trac·

131 3798 293 3877 tontibus,
322 3796 476 3878 fidelium
505 3796 655 3860 convenit
681 3793 767 3860 colla
795 3794 956 3875 submitti,
989 3805 1112 3879 quanto
1135 3797 1250 3880 potius

132 3883 219 3946 sedis
240 3881 333 3946 illius
350 3878 505 3966 praesuli
520 3901 696 3944 consensus
710 3889 756 3943 est
771 3878 986 3959 adhibendus,
1009 3899 1102 3978 quem
1124 3879 1250 3943 cunetis

131 3965 356 4032 sacerdotibus
378 3973 408 4026 et
429 3963 591 4028 divinitas
613 3985 741 4026 summa
761 3963 865 4028 voluit
879 3984 1102 4047 praeminere,
1124 3971 1153 4026 et
1174 3961 1248 4026 sul·

131 4075 267 4140 sequens
288 4049 441 4114 ecclcsiae
493 4046 634 4111 eneralis
661 4048 785 4132 iupiter
805 4047 917 4130 pietas
944 4043 1138 4110 celebrauit?
1187 4045 1251 4110 Uli

125 4138 311 4222 prudentia
331 4143 390 4197 tua
408 4070 573 4196 evidenter
588 4130 737 4212 advertit,
759 4152 938 4215 numquam
959 4128 1098 4215 quolibet
1114 4132 1250 4214 penitus

131 4221 275 4285 humano
297 4217 432 4283 consilio
462 4237 604 4301 aequare
632 4235 665 4278 se
692 4236 885 4299 quemquam
907 4235 1006 4298 posse
1031 4212 1124 4278 illius
1141 4214 1249 4297 privi-

131 4368 155 4422 s)
172 4370 217 4410 nni
233 4369 282 4412 odd
298 4371 349 4418 nee.
363 4369 410 4410 rell.
472 4364 496 4418 b)
512 4367 623 4407 universa
640 4369 660 4408 ι.
722 4361 743 4414 c)
759 4363 815 4404 aare
832 4365 851 4402 1.

974 4436 1020 4500 4*
