3116 4822
313 388 347 438 66
501 388 552 437 DE
571 387 728 438 UNITATE
748 385 950 438 ECCLESIAE
971 382 1246 437 CONSERVANDA.

313 565 412 613 aemesa
432 559 557 624 historiis,
577 577 657 627 quam
677 577 755 625 saepe
769 560 910 626 praesules
928 575 982 609 non
1001 559 1084 610 solnm
1098 556 1244 623 apostolici,
1263 556 1310 608 aed
1326 563 1351 608 et
1364 574 1428 623 pro-

312 635 439 688 ve'nciolee
458 636 487 686 ia
500 635 678 702 defensionem
691 633 759 684 inme
772 632 894 685 canonici
905 631 990 699 repuli
1003 633 1059 684 siue
1077 629 1248 696 imperatorio
1266 644 1319 680 non
1333 648 1431 697 peper-

313 726 405 770 cerunt
423 718 530 770 nomint.
568 702 611 765 Et
626 701 801 785 subiungit,
826 700 913 800 quod
927 699 1133 764 Innocentius
1150 719 1238 846 papa
1251 696 1429 762 Arcadium

312 787 540 872 imperatorem
571 786 632 851 sub
654 785 867 850 anathematis
888 783 1015 850 vinculo
1046 807 1066 848 a
1095 782 1158 848 fide
1172 783 1240 846 ium
1269 784 1428 848 consortio

312 869 518 955 separaverit,
541 870 628 956 quod
650 893 747 956 quam
768 892 881 934 verum
904 871 954 952 sit,
976 891 1019 934 ex
1038 868 1088 932 his
1117 889 1198 953 quae
1219 867 1253 930 in
1271 868 1430 952 superiori

311 953 414 1018 libro¹
437 955 625 1039 scripsimus
646 954 698 1020 vel
720 954 759 1018 de
782 953 921 1018 Arcadio
943 951 995 1018 vel
1016 951 1056 1016 de
1077 951 1266 1016 Innocentio
1293 952 1430 1038 quisque

313 1037 451 1124 diligens
472 1038 565 1105 facile
586 1039 777 1125 pervidebit.
822 1037 905 1104 Oum
928 1047 1012 1102 certe
1033 1035 1240 1101 Innocentius
1261 1057 1348 1120 papa
1374 1035 1429 1100 ob-

313 1123 550 1188 servantissime
566 1123 756 1188 custodierit
776 1144 851 1186 cum
866 1121 1015 1186 omnibus
1038 1121 1157 1186 sanctis
1172 1119 1318 1206 patribus
1333 1141 1430 1184 euan-

218 1195 449 1296 ,¹,¹,⁸‘,²¹,²·gelieam
478 1207 560 1271 hano
588 1207 733 1293 regulam
756 1207 898 1289 Domini,
926 1214 962 1270 ut
987 1205 1158 1270 redderent
1185 1227 1224 1270 ea
1249 1226 1331 1352 (puae
1356 1213 1430 1268 sunt

248 1282 254 1307 '
295 1290 450 1356 'caesaris
480 1293 611 1371 caesari,
639 1313 713 1356 cum
740 1293 800 1355 rite
829 1312 895 1355 non
921 1298 1053 1376 possent
1077 1288 1169 1354 aliter
1197 1287 1253 1353 red
1279 1312 1332 1354 ere
1357 1289 1429 1353 Deo

334 1397 394 1439 uae
405 1384 479 1440 sunt
493 1377 566 1458 Dei,
580 1377 718 1462 ideoque
732 1375 825 1440 iuxta
838 1375 923 1461 quod
936 1396 1034 1460 supra
1048 1373 1170 1438 dictum
1184 1383 1252 1438 est¹
1268 1395 1310 1437 ex
1321 1373 1429 1437 verbis

312 1397 434 1524 helani
455 1481 569 1544 papae,
592 1460 738 1524 ordinata
760 1469 808 1524 est
832 1481 852 1523 a
880 1459 953 1524 Deo
983 1460 1066 1522 sicut
1093 1466 1219 1522 sacrata
1239 1457 1429 1543 pontificum

310 1544 483 1608 auctoritas
504 1545 549 1608 ita
571 1553 602 1608 et
616 1543 733 1629 regalis
747 1552 898 1630 potestas,
920 1551 956 1606 ut
970 1542 1133 1606 christiani
1147 1543 1354 1628 imperatores
1369 1564 1429 1628 pro

310 1637 440 1692 aeterna
460 1629 527 1692 vita
548 1628 729 1714 indigerent
750 1627 956 1714 pontificibus
982 1635 1014 1692 et
1035 1626 1204 1714 pontifices
1225 1648 1285 1713 pro
1306 1637 1428 1713 tempo-

309 1711 424 1776 ralium
454 1733 549 1776 eursu
576 1735 683 1777 rerum
710 1714 754 1775 im
780 1711 931 1778 erialibus
960 1721 1124 1777 uterentur
1155 1711 1428 1797 dispositionibus.

310 1797 389 1862 Post
409 1795 489 1862 haec
505 1796 627 1874 scribit,
650 1797 737 1885 quod
753 1735 981 1862 bonsantinus
1020 1819 1083 1883 apa
1097 1793 1284 1881 Philippum
1298 1796 1427 1861 anathe-

308 1881 520 1964 matizaverit,
543 1882 629 1980 quod
643 1905 704 1946 nec
726 1883 760 1945 in
775 1881 885 1946 Gestis
900 1820 1144 1946 Pontihcalibus
1165 1901 1226 1945 nec
1240 1881 1273 1942 in
1288 1879 1427 1946 historiis

309 1966 480 2048 invenitur,
509 1966 566 2030 ub1
593 1975 717 2030 tantum
744 1965 890 2051 legitur³,
920 1965 1007 2052 quod
1027 1964 1219 2063 Philippusl’
1242 1965 1428 2049 supradicto

308 2071 415 2198 papae
436 2049 544 2115 literas
566 2053 659 2137 pravi
674 2051 835 2136 dogmatis
850 2049 1015 2132 direxerit,
1038 2071 1117 2177 (pnes
1137 2047 1190 2114 ille
1212 2069 1286 2112 cum
1301 2057 1427 2134 aposto-

321 2137 391 2199 icae
416 2134 501 2200 sedis
529 2133 665 2198 concilio
697 2135 829 2219 respuit.
873 2131 1041 2219 Philippus
1084 2134 1205 2220 quippe
1231 2142 1359 2220 praeter
1384 2133 1429 2218 id,

310 2218 396 2304 quod
422 2227 534 2283 contra
553 2219 768 2283 Iustinianum
795 2220 1023 2304 imperatorem
1049 2239 1185 2304 regnum
1212 2217 1347 2303 adeptus
1370 2227 1428 2300 est,

307 2301 469 2366 hereticus
498 2325 568 2367 esse
593 2303 752 2450 probatus
774 2311 838 2384 est,
861 2301 964 2388 qualis
986 2303 1050 2366 iam
1072 2301 1232 2367 iudicatus
1254 2311 1311 2384 est,
1334 2303 1427 2368 iuxta

310 2386 397 2472 quod
423 2387 520 2452 etiam
542 2385 591 2452 Ge
605 2388 692 2451 asius
717 2408 804 2472 papa
830 2386 957 2451 scribit:
991 2401 1092 2466 Norat,
1111 2387 1260 2472 inquiens
1269 2395 1292 2468 ⁴,
1313 2401 1427 2454 maiora

310 2484 417 2528 anctore
436 2475 573 2530 enimsi-ibet
585 2477 709 2530 lausaniae
729 2495 760 2528 uc
768 2475 875 2544 pariter
888 2494 975 2530 errore
988 2477 1115 2528 damaeta
1129 2477 1248 2543 sufficere
1260 2475 1426 2542 indicarunt,

310 2558 340 2602 ut
365 2550 503 2617 quisquis⁰
522 2549 669 2618 aliqnando
688 2550 767 2602 halus
793 2551 890 2604 erroris
910 2551 1115 2602 communicator
1133 2551 1261 2612 eoeieteret,
1277 2549 1428 2616 principali
1537 2545 1538 2564 ¹

309 2634 439 2686 sententio
464 2633 644 2686 dammationis
672 2635 729 2686 eina
757 2641 823 2686 esset
851 2633 997 2685 obstrictus.
1043 2617 1122 2682 Post
1146 2617 1226 2682 haee
1254 2617 1428 2682 introducit

309 2701 475 2766 historiam
498 2701 537 2767 de
566 2724 642 2787 rege
663 2700 875 2788 Hyldericho,
902 2700 943 2765 de
972 2723 1036 2787 quo
1062 2703 1139 2766 satis
1170 2702 1290 2786 dietum
1319 2712 1368 2767 est
1392 2703 1427 2766 in

310 2807 349 2850 su
373 2787 469 2852 eriori
497 2785 579 2852 libro
588 2798 610 2868 ⁵,
637 2785 724 2871 apud
754 2808 849 2872 quem
876 2807 936 2850 nec
964 2787 1054 2870 regia
1080 2794 1223 2870 potestas
1244 2807 1304 2850 nec
1325 2787 1426 2873 impe·

309 2809 397 2934 riahis
412 2873 585 2936 auotoritas
600 2893 670 2936 esse
685 2871 851 2955 probatur,
872 2868 1009 2954 ideoque
1023 2868 1118 2934 huius
1138 2870 1279 2957 exempli
1301 2883 1427 2936 contro-

309 2955 416 3019 versia
445 2977 465 3018 a
491 2953 585 3018 nobis
611 2975 646 3017 re
670 2955 810 3021 robatur.
855 2953 1007 3040 Sequitur
1033 2963 1151 3038 autem,
1196 2955 1260 3020 uod
1282 2955 1426 3021 Adriano

311 3059 397 3123 papa
416 3035 547 3102 iubente
561 2975 694 3102 Oarohrs
709 3037 924 3124 Desyderium
944 3059 1054 3122 regem
1076 3059 1148 3102 curn
1163 3039 1184 3102 fi
1200 3041 1228 3104 'o
1247 3040 1315 3104 eius
1331 3039 1429 3106 Adal-

311 3123 383 3206 giso
404 3121 517 3186 Italiae
545 3143 645 3206 regno
674 3123 850 3207 privaverit
879 3132 910 3186 et
936 3121 1023 3187 solus
1043 3121 1169 3188 Italiam
1191 3146 1267 3188 cum
1287 3125 1428 3190 Francia

312 3207 494 3292 optinuerit.
531 3205 625 3272 Certe
646 3206 737 3270 Deus
758 3207 974 3271 Romanorum
995 3209 1202 3306 praeparavit
1222 3231 1367 3294 regnum,
1389 3217 1428 3274 ut

310 3289 358 3355 ibi
378 3300 411 3356 et
432 3290 568 3356 ecclesia
589 3301 620 3356 et
641 3291 812 3376 imperium
834 3289 965 3356 haberet
985 3293 1219 3390 princ1patum3
1246 3291 1321 3358 huie
1345 3293 1427 3358 divi-

310 3398 371 3441 nae
398 3375 591 3441 ordinationi
612 3376 668 3462 qui
695 3376 823 3455 resistit,
844 3375 916 3439 Deo
936 3376 1069 3440 resrstit.
1111 3376 1200 3462 Ergo
1222 3376 1428 3463 Desyderius

312 3469 423 3526 contra
449 3461 627 3525 Romanam
653 3458 907 3546 rempublicam
934 3459 1029 3523 simul
1056 3468 1089 3524 et
1115 3471 1226 3526 contra
1247 3461 1427 3526 Romanam

312 3544 480 3610 ecclesiam
508 3544 676 3630 pugnavit,
704 3542 843 3630 ideoque
870 3566 929 3608 rex
956 3544 1026 3630 ipse
1050 3544 1339 3630 Longobardorum
1367 3568 1429 3630 per

311 3628 514 3713 tyrannidem
537 3639 647 3693 contra
668 3627 776 3691 Deum
799 3627 946 3692 surrexit.
989 3629 1096 3693 Huius
1120 3631 1168 3694 rei
1189 3629 1293 3716 gratia
1313 3629 1429 3694 Adria·

310 3734 372 3776 nus
393 3733 479 3798 papa
492 3715 621 3778 vocavit
637 3711 787 3777 Carolum
809 3713 843 3775 in
863 3710 1019 3776 auxilium
1042 3724 1074 3778 et
1094 3713 1309 3780 defensionem
1326 3711 1429 3778 eccle·

312 3797 379 3861 siae
407 3797 527 3883 pariter
555 3807 588 3862 et
615 3794 841 3882 reipublicae,
868 3817 942 3860 cum
964 3807 1056 3883 pater
1077 3820 1205 3884 quoque
1227 3798 1329 3884 ipsius
1350 3799 1429 3884 Pip-

310 3882 406 3968 pinus
428 3903 487 3945 rex
507 3881 573 3945 iam
594 3883 772 3966 accepisset
792 3881 990 3966 patritiatum
1018 3882 1164 3947 eiusdem
1187 3883 1352 3948 Romanae
1381 3885 1430 3948 rei

311 3965 472 4054 publicae.
516 3965 582 4030 Sed
611 3964 745 4031 Carolus
773 3987 847 4030 oum
875 3986 995 4051 magna
1024 3965 1212 4033 difficultate
1233 3966 1285 4032 vel
1304 3968 1431 4034 itineris

311 4050 364 4117 vel
394 4049 470 4115 belli
501 4048 722 4136 Desyderium
758 4049 888 4136 subegit
916 4061 949 4114 et
980 4059 1137 4138 perpetuo
1171 4052 1269 4118 exilio
1296 4051 1429 4116 damna-

312 4178 335 4232 a)
350 4183 427 4221 autem
445 4181 464 4220 1.
524 4176 548 4230 b)
565 4178 710 4228 Philippicas
726 4179 751 4218 J..
765 4183 828 4228 pout.
890 4175 912 4229 c)
928 4178 1027 4228 quisque
1044 4179 1064 4220 1.

314 4274 342 4342 1)
362 4275 393 4328 0.
413 4275 439 4326 9.
505 4272 534 4340 2)
553 4274 614 4325 Lib.
628 4273 652 4339 1,
673 4290 695 4326 c.
710 4275 736 4326 3.
801 4274 830 4338 3)
850 4273 932 4325 Liber
949 4273 1044 4341 pontif.
1065 4289 1088 4326 c.
1102 4272 1145 4341 89,
1166 4276 1295 4328 Muratori
1312 4275 1435 4333 ss,111,

311 4366 338 4416 p.
360 4348 421 4400 153.
506 4347 535 4413 4)
555 4349 643 4400 nane
661 4347 678 4402 1.
700 4365 724 4400 c.
743 4347 822 4406 vin,
840 4363 868 4413 p.
889 4347 934 4398 51.
1008 4345 1037 4412 o)
1058 4347 1088 4400 c.
1110 4349 1135 4400 2.
1156 4351 1182 4400 a.
