3098 4818
413 345 534 398 BRUNO
554 345 604 395 DE
624 344 746 396 BELLO
766 345 957 398 SAXONIOO.
1207 347 1240 397 91

123 538 165 582 cn
185 513 240 580 lite
255 525 284 580 et
298 515 510 596 dissensione,
525 535 609 596 quae
623 514 751 578 tamdiu
765 515 852 578 inter
867 537 922 579 oos
937 524 991 595 est,
1012 516 1192 581 monimum
1206 517 1243 580 in
1254 533 1320 576 toro.

121 608 241 664 sancta
257 599 391 663 ecclesia
401 595 597 684 periculum,
618 599 798 663 monimum
816 599 962 684 undique
977 601 1063 663 inter
1076 622 1132 663 oos
1147 599 1243 664 deui-
1310 595 1314 604 ’

122 693 265 748 mentum
279 685 360 765 fieri
382 683 511 747 cottidie
534 684 768 767 copnoscimus,
795 682 920 746 idcirco
943 685 1049 748 nisum
1071 693 1118 747 est
1138 684 1243 765 nobis,

121 769 228 832 nisum
243 776 288 832 est
302 777 331 832 et
341 767 515 852 fratribus
537 769 659 830 nostris
677 768 715 829 in
731 765 867 831 concilio
883 789 1002 852 conpre
1027 769 1099 848 atis,
1119 790 1242 832 summo

121 853 285 917 desiderio
302 861 463 931 aestuare,
474 873 602 914 summa
611 873 670 934 ope
681 849 850 915 elaborare
859 873 920 934 pro
933 791 1069 932 viribus,
1080 861 1243 935 qnatenus

121 937 236 1001 idonei
258 937 379 1016 nuntii,
400 945 466 998 tam
481 934 640 1020 reiipione
656 959 754 1020 quam
769 937 908 999 scicntia
916 934 1086 1020 pollentes,
1109 957 1125 997 e
1143 933 1244 1000 latere

122 1020 322 1106 apostolicae
345 1020 431 1083 sedis
446 1019 617 1103 adportes
631 1028 756 1082 uestras
769 1021 980 1098 mitterentur,
1000 1021 1058 1102 qai
1072 1019 1243 1106 rdipiosos

121 1108 300 1205 episcopos,
322 1104 426 1168 laicos
447 1104 544 1167 etiam
561 1105 660 1188 pacis
682 1113 711 1166 et
731 1104 884 1168 iusticiae
906 1113 1077 1184 amatores,
1102 1105 1140 1167 in
1156 1127 1242 1189 par-

120 1189 209 1252 tebus
225 1191 339 1254 nestris
355 1197 596 1266 commorantes,
613 1189 657 1251 ad
673 1188 730 1251 boc
745 1210 828 1272 opus
840 1189 976 1266 idoneos
987 1210 1047 1252 con
1072 1197 1243 1274 reparent:

123 1275 180 1359 qui
201 1273 341 1337 Domini
368 1273 483 1358 pratia
498 1281 689 1354 praeeunte,
717 1271 770 1335 die
799 1281 828 1336 et
853 1270 922 1336 loco
950 1271 990 1335 ab
1019 1211 1087 1335 diis
1114 1281 1243 1353 statuto,

120 1365 189 1419 tarn
217 1357 287 1441 ipsi
314 1379 413 1441 quam
443 1377 522 1441 quos
551 1357 636 1440 ipsis
663 1356 793 1418 adbuc⁸
822 1357 961 1455 inrepere
988 1356 1152 1436 debemus,
1187 1365 1246 1419 ant

116 1463 235 1526 pacem
257 1449 461 1524 componant,
485 1448 542 1503 aut
561 1441 695 1503 ueritate
711 1449 932 1526 praecopncta
954 1462 1055 1525 super
1075 1439 1159 1521 idos,
1187 1441 1246 1524 qai

121 1534 200 1588 sunt
227 1527 313 1589 tanti
341 1524 478 1589 discidii
506 1547 619 1606 caasa,
642 1525 836 1588 canonicam
864 1546 1036 1588 censuram
1064 1533 1244 1588 enereeant.

130 1609 245 1673 Verum
274 1611 431 1694 quoniam
460 1607 636 1672 nonnullos
665 1607 827 1672 diabolico
859 1611 1017 1672 instincta
1049 1608 1244 1692 confectosb,

120 1695 309 1778 iniquitatis
331 1715 410 1756 suae
423 1691 561 1774 facibus
583 1693 714 1776 ipnitos‚
738 1692 919 1776 cupiditate
940 1692 1101 1772 inductos,
1124 1694 1246 1757 discor·

123 1777 216 1840 diam
232 1780 347 1860 potius
370 1799 474 1860 quam
485 1798 604 1859 pacem
623 1774 704 1856 fleri
730 1785 760 1839 et
786 1776 895 1839 uidere
924 1776 1147 1840 desiderantes
1165 1775 1248 1859 fore

123 1883 191 1925 non
206 1862 410 1946 iquoramns,
432 1861 604 1924 statuimus
626 1862 663 1923 in
679 1859 740 1922 bac
755 1860 880 1946 synodo
895 1860 942 1923 ad
956 1860 1247 1944 eandemformam

123 1947 208 2009 sicat
234 1955 263 2009 et
288 1947 325 2008 in
345 1945 552 2090 praeterita,
584 1943 736 2008 utnulla
763 1966 910 2029 unquam
925 1965 1074 2028 persona
1104 1943 1247 2007 alicuius

118 2030 286 2112 potentiae
307 2051 343 2092 oe
363 2039 376 2070 ⁰
398 2029 582 2114 dignitatis,
606 2029 673 2092 sioe
687 2050 812 2112 mapna
834 2029 901 2090 sice
918 2049 1043 2110 parva,
1065 2029 1132 2091 sine
1148 2029 1247 2110 prin·

123 2135 198 2197 ceps
213 2115 280 2176 sive
293 2113 463 2194 subiectus,
487 2111 599 2198 aliquo
616 2113 887 2196 praesumptione
898 2111 1113 2202 praesumat*l
1130 2110 1248 2197 bepetis

125 2199 247 2262 nostris
270 2197 434 2278 obsistere,
457 2207 486 2261 et
503 2207 679 2282 postquam
706 2197 751 2260 ad
780 2218 836 2260 uos
852 2197 1079 2279 pervenerint,
1103 2196 1141 2260 de
1164 2217 1246 2259 com-

121 2281 280 2368 ponenda
286 2304 371 2364 pace
383 2281 547 2346 contraire
553 2304 566 2362 ,·
578 2304 635 2344 nec
641 2291 760 2364 postea
770 2288 884 2345 contra
893 2280 1103 2344 'interdictum
1117 2278 1247 2344 illorum

126 2365 210 2430 aiter
230 2367 268 2427 in
291 2365 428 2428 alterum
451 2365 573 2428 audeat
594 2368 795 2450 incorporee,
828 2365 886 2427 sed
907 2386 1009 2512 asbus
1032 2365 1077 2428 ad
1099 2365 1185 2428 diem
1207 2363 1247 2427 ab

125 2449 194 2513 iliis
215 2448 389 2512 statutomf
406 2449 543 2531 firmam
559 2471 677 2532 pacem
699 2471 805 2513 omnes
827 2451 898 2512 sine
922 2472 944 2510 u
972 2471 993 2510 a
1022 2450 1191 2513 occasione
1219 2457 1249 2512 et

115 2533 248 2618 fraude
260 2533 432 2596 observent.
466 2531 659 2617 Quicunque
675 2542 802 2596 autemss
818 2533 895 2596 baec
911 2541 1025 2596 nostra
1039 2541 1163 2596 statuta
1177 2531 1249 2595 ulia

120 2619 392 2702 praesumptione
413 2617 538 2680 uiolare
559 2619 769 2700 temptaverit,
793 2617 1012 2679 anathematis
1030 2639 1103 2680 eum
1117 2615 1247 2680 vinculo

124 2701 280 2786 iipamus,
302 2710 331 2764 et
353 2723 419 2764 non
442 2700 602 2765 salumin
625 2703 754 2784 spiritu,
777 2701 1007 2764 verumetiam
1034 2699 1083 2763 eth
1111 2701 1149 2762 in
1177 2722 1246 2763 cor-

122 2808 205 2869 pore
227 2787 313 2850 etin
337 2785 425 2848 omni
441 2787 664 2868 prosperitate
687 2786 786 2848 buius
814 2785 900 2848 vitae
927 2782 1110 2868 apostolica
1138 2793 1248 2847 aucto-

126 2872 223 2934 ritate
244 2869 456 2949 innodamus,
479 2877 508 2931 et
529 2869 701 2932 victoriam
722 2871 759 2933 in
783 2870 886 2932 armis
909 2867 1110 2952 auferimus,
1139 2877 1175 2930 ut
1201 2869 1248 2932 sic

125 2953 237 3019 saltem
259 2951 510 3038 confundantur
531 2963 560 3017 et
581 2951 710 3036 duplici
730 2953 923 3016 contritione
945 2961 1167 3016 conterantur.

212 3039 282 3103 119.
325 3037 408 3101 Item
429 3035 567 3100 domnus
613 3058 675 3121 ape
696 3037 766 3120 regi
785 3034 937 3100 Rodulfo:
967 3033 1150 3121 Greporius
1178 3036 1248 3120 epi·

127 3144 246 3204 scopus
267 3144 381 3186 servus
396 3144 563 3186 servornm
618 3123 658 3201 ei,
679 3120 826 3205 Rodalfo
841 3122 914 3206 repi
936 3129 965 3182 et
981 3120 1128 3205 omnibus
1142 3143 1249 3184 secum

127 3207 344 3268 christianam
358 3205 548 3290 religionem
563 3205 809 3290 offendentibus
830 3205 964 3269 salutem
986 3213 1015 3268 et
1036 3203 1250 3288 apostolicam

127 3289 388 3354 benedictionem.
435 3288 528 3362 Quod
549 3312 686 3374 repnum
703 3291 961 3368 Teutonicornm,
983 3289 1141 3352 hactenus
1162 3289 1250 3352 inter

129 3375 241 3438 omnia
262 3375 380 3438 mundi
401 3395 508 3459 repna
522 3373 770 3454 nobilissimum,
793 3379 862 3437 iam
876 3373 970 3438 uideo
984 3373 1160 3454 incendiis,
1178 3395 1248 3436 cae-

127 3457 224 3522 dibus
254 3467 283 3520 et
303 3459 436 3541 rapinis
458 3458 637 3539 devastari,
667 3457 850 3542 confundi¹
877 3466 907 3520 et
934 3455 1119 3537 camiliani,
1150 3478 1250 3540 quam

126 3564 269 3627 mapnus
296 3542 413 3606 eninde
441 3542 535 3606 cordi
561 3565 629 3606 meo
651 3542 745 3606 dolor
770 3542 926 3622 insideat,
954 3562 1053 3624 quam
1075 3541 1250 3604 continuus

127 3629 163 3690 in
186 3626 365 3690 visceribus
395 3627 473 3690 meis
495 3650 543 3692 me
564 3627 703 3711 pemitus
726 3624 867 3709 afficiat,
897 3627 985 3688 testis
1007 3633 1053 3688 est
1073 3623 1128 3689 ille
1148 3623 1250 3706 solu-s,

127 3711 187 3796 qui
201 3713 344 3774 omnium
357 3711 524 3774 bominum
539 3711 641 3774 corda
656 3718 825 3775 scrutatur
838 3719 867 3772 et
876 3709 1009 3794 probat.
1043 3709 1250 3793 Deferuntur

126 3795 234 3859 enim¹¹
263 3795 363 3858 michi
383 3797 451 3858 iam
473 3797 607 3878 saepius
627 3795 804 3881 lepationes
827 3794 980 3858 Heinrici
1008 3801 1073 3858 tum
1090 3816 1155 3878 per
1170 3815 1250 3876 pro-

124 3881 221 3964 prios
243 3879 387 3960 nuntios,
409 3887 477 3942 tum
522 3902 558 3943 er
579 3889 735 3965 copnatos
757 3887 786 3942 et
808 3877 954 3942 aliorum
975 3885 1140 3941 terrarum
1150 3878 1249 3961 prin-

128 3965 217 4046 cipes
237 3973 267 4028 et
282 3963 411 4047 affines,
433 3902 526 4028 modi>
542 3987 666 4029 omnem
681 3963 896 4027 obedientiam
905 3961 1138 4048 promittendo,
1154 3961 1249 4024 modo

123 4069 188 4132 per
208 4048 325 4112 naria*
347 4048 486 4133 ingenia
507 4045 726 4128 sollicitando,
753 4047 791 4111 id
813 4070 835 4110 a
856 4069 904 4110 me
926 4067 1049 4110 summo
1078 4045 1353 4112 concamium.

129 4133 294 4214 capientes
314 4131 452 4216 efficere,
481 4153 544 4216 qao
574 4156 622 4196 me
652 4131 697 4194 ad
724 4140 832 4194 notum
859 4153 955 4194 suum
982 4129 1068 4194 snis¹
1093 4128 1251 4212 partibus

128 4253 152 4306 a)
168 4256 294 4305 adiungere
310 4258 386 4298 adhuc
402 4258 423 4299 2.
516 4255 541 4310 b)
558 4258 676 4300 confectus
692 4259 712 4298 si
727 4259 760 4298 in.
780 4259 812 4307 1.;
829 4257 890 4299 conf.
907 4260 930 4297 et
945 4257 978 4298 in.
994 4257 1024 4299 at.
1120 4242 1144 4306 c)
1157 4255 1213 4294 esen
1230 4256 1250 4294 1.

129 4313 154 4364 d)
170 4316 255 4356 audeat
270 4317 291 4358 2.
365 4315 387 4369 e)
404 4327 526 4368 resurgere
542 4319 562 4360 1.
642 4316 788 4370 nstitutum
805 4319 825 4358 1.
909 4315 933 4368 g)
949 4315 1005 4356 deest
1021 4317 1042 4356 1.
1118 4312 1142 4366 h)
1158 4315 1215 4354 dan
1230 4314 1251 4356 2.
1337 4317 1344 4324 '

129 4371 148 4424 t)
165 4373 187 4415 (1.
204 4378 227 4414 st
242 4375 302 4416 cont.
321 4377 342 4417 2.
402 4375 427 4428 k)
444 4378 499 4417 deut
516 4379 537 4419 1.
598 4375 616 4430 l)
632 4377 750 4428 suspecti
766 4377 787 4418 2.
