3116 4822
291 383 326 434 58
486 381 536 433 DE
555 379 713 432 UNITATE
733 377 937 430 EOOLESIAE
957 373 1233 429 consueverint.

292 553 491 617 desiderium
506 553 638 614 animus
653 549 825 628 exarserit,
840 548 871 611 si
885 549 954 611 iam
968 544 1075 609 lumen
1091 545 1289 607 intrinsecus
1303 543 1409 626 respi-

292 637 346 718 cit,
363 638 394 700 si
411 639 448 700 in
463 636 674 720 reflammam
688 635 780 719 ipsis
795 631 1057 716 snnetifernoris
1072 628 1229 707 accendit,
1249 629 1286 692 in
1301 649 1407 711 quan·

291 731 358 784 tum
387 720 477 784 locus
500 720 650 799 admittit,
677 719 713 781 in
736 724 895 802 quantum
918 736 1021 778 eausa
1043 715 1155 798 ancipit,
1177 713 1325 778 debemus
1342 731 1409 796 pro

293 805 481 890 defensione
502 804 650 867 iustitiae
672 810 793 866 nosniet
814 802 905 886 ipsos
920 799 1042 863 obicere
1064 807 1093 861 et
1107 799 1273 882 peruersis
1289 796 1335 860 ad
1355 797 1408 860 in·

293 891 382 954 iusta
397 887 649 972 erumpentibus,
663 889 761 952 etiam
776 907 848 948 cnm
862 885 902 948 ab
917 885 961 948 iis
973 905 1040 946 non
1052 884 1253 966 quaerimur,
1269 881 1410 946 obviare.

293 973 383 1038 Nam
400 996 472 1037 cum
486 973 658 1052 iustitiam,
680 993 779 1057 quam
794 991 853 1033 nos
869 990 1027 1048 amaneus,
1049 969 1087 1030 in
1104 965 1331 1052 aliisferinnt,
1353 985 1412 1028 nos

294 1057 397 1122 nitito
419 1059 529 1120 minus
549 1078 615 1119 sua
632 1056 845 1141 percussione
867 1051 1070 1137 confodiunt,
1094 1053 1192 1116 etiam
1214 1053 1243 1114 si
1258 1049 1412 1114 uenerari

294 1141 490 1206 uideantur'.

380 1226 429 1289 12.
461 1223 553 1287 Haec
575 1232 759 1288 sanctorum
782 1229 910 1307 patrum
934 1219 1134 1298 documenta,
1157 1238 1239 1304 quae
1255 1215 1411 1282 convertit

295 1308 348 1373 ille
370 1329 539 1395 perversus
560 1307 603 1371 ad
617 1306 836 1371 confirmanda
850 1303 1008 1368 bellorum
1028 1303 1144 1384 studia,
1165 1323 1224 1367 nos
1244 1311 1411 1368 teneamus

159 1420 197 1461 Ρ..
207 1419 243 1471 ar,
253 1420 287 1461 ιι.
296 1415 356 1480 pro
372 1392 557 1458 defensione
572 1393 664 1477 pacis
681 1401 713 1456 et
722 1411 818 1455 verae
835 1389 986 1471 iustitiae,
1002 1389 1153 1474 quoniam
1168 1387 1291 1452 iustitia
1303 1394 1335 1450 et
1344 1407 1412 1470 pax

298 1476 458 1542 oseulatae
480 1485 613 1556 santae,
635 1497 739 1561 neque
754 1473 818 1538 alia
832 1475 1007 1538 sentiamus
1022 1470 1063 1536 de
1078 1471 1270 1558 supradictis
1285 1471 1413 1535 ceteris-

134 1590 195 1632 run.
204 1591 227 1642 ι,
235 1589 256 1632 s.
266 1589 288 1630 s.
298 1583 361 1646 que
383 1562 502 1626 sanctis
515 1559 673 1646 patribus,
694 1559 766 1623 ‘nisi
781 1579 992 1644 quaecunque
1008 1566 1180 1638 suntvera,
1202 1575 1412 1654 quaecunque

297 1647 391 1728 iusta,
412 1666 622 1732 quaecunque
642 1652 761 1725 sancta,
783 1663 992 1728 quaecunque
1006 1640 1167 1723 amabilia,
1190 1649 1318 1726 quaest
1333 1639 1414 1702 didi·

297 1731 386 1794 cistis
402 1741 434 1794 et
447 1727 600 1793 audistis'.
624 1727 689 1794 Sed
699 1729 818 1808 videte,
830 1728 972 1808 obsecro,
984 1735 1016 1792 et
1027 1725 1181 1791 attendite
1193 1747 1231 1789 ea
1244 1747 1309 1810 qua
1320 1744 1413 1808 opor·

295 1822 342 1880 tet
353 1811 527 1900 diligentia,
539 1835 637 1912 quare
648 1811 791 1877 intulerit
801 1811 854 1877 ille
862 1811 1080 1897 suprascripta
1090 1819 1275 1874 sanctorum
1284 1816 1414 1896 patrum

295 1899 487 1978 testimonia,
517 1896 640 1963 scilicet
666 1898 819 1996 quoniam
842 1895 990 1962 Clemens
1012 1915 1098 1980 papa
1119 1916 1217 1982 super
1238 1893 1287 1958 his
1310 1890 1412 1974 malis,

296 2004 379 2070 quae
406 1983 488 2046 fiunt
513 1983 547 2044 in
575 1981 721 2064 eceles1a,
751 1981 837 2047 dolet
864 1990 896 2046 et
916 1981 1069 2061 tristatur,
1096 2001 1178 2066 quae
1199 1985 1232 2042 et
1253 1999 1311 2042 nos
1332 1977 1413 2062 pati·

137 2090 377 2149 recensemur,
410 2067 578 2154 quoniam,
607 2068 645 2131 ‘si
671 2066 791 2152 patitur
818 2087 918 2129 unum
947 2062 1144 2143 membrum,
1177 2061 1414 2148 compatiuntur

297 2153 403 2216 omnia
431 2148 593 2230 membra,
620 2159 652 2215 et
680 2150 707 2214 si
755 2149 889 2214 loriatur
914 2171 1013 2212 unum
1046 2146 1243 2230 membrum,
1276 2165 1412 2229 congau-

296 2235 373 2300 dent
399 2235 506 2299 omnia
532 2233 693 2298 membra'.
716 2172 789 2297 vln-
812 2255 830 2297 ο
853 2254 924 2298 eum
947 2234 988 2297 sit
1008 2231 1094 2296 facta
1115 2231 1232 2296 divisio
1260 2233 1293 2296 in
1315 2228 1414 2294 eccle-

297 2321 355 2402 sia,
386 2317 447 2382 illis
480 2317 674 2384 exeuntibus
705 2338 725 2380 a
751 2255 856 2400 nobis,
892 2339 956 2381 non
981 2316 1074 2382 nobis
1101 2315 1143 2382 ab
1176 2315 1238 2380 illis
1248 2329 1270 2398 ¹,
1301 2314 1413 2378 inscri-

297 2404 405 2468 bimur
429 2413 537 2467 tamen
562 2411 594 2467 et
618 2400 879 2488 blasphemamur
907 2401 1081 2466 scismatici
1110 2423 1190 2482 esse,
1218 2401 1274 2487 qui
1303 2420 1414 2463 sumus

298 2488 333 2551 in
365 2495 442 2567 toto,
473 2508 539 2552 non
569 2488 603 2551 in
635 2485 816 2586 aliquorum
848 2497 949 2573 parte,
982 2495 1014 2550 et
1045 2485 1272 2572 praedicantur
1303 2481 1348 2546 illi
1376 2504 1414 2546 ac

299 2571 530 2636 beneficiantur
558 2571 706 2635 catholiol
733 2593 814 2654 esse,
842 2592 977 2658 quorum
1009 2592 1092 2634 unus
1121 2569 1274 2633 audacior
1299 2569 1415 2632 ceteris

298 2655 397 2720 audet
424 2657 520 2720 etiam
550 2657 677 2742 scriptis
702 2666 828 2742 partem
856 2657 905 2720 sui
935 2655 1084 2739 Gregorii
1110 2653 1279 2720 defendere
1308 2661 1340 2718 et
1369 2653 1416 2716 sic

299 2741 382 2805 inter
414 2749 519 2806 cetera
550 2739 724 2827 respondet
749 2741 791 2806 ad
819 2740 905 2804 diota
935 2739 1108 2804 Clementis
1136 2759 1255 2824 papae:
1289 2737 1416 2801 Arserit

300 2828 407 2906 etiam,
435 2826 550 2911 inquit,
571 2827 766 2910 praedictus
797 2826 1017 2890 calumniator
1049 2846 1089 2887 en
1122 2825 1291 2888 occasione
1316 2844 1416 2906 prae-

140 2928 219 2974 naor.
229 2911 478 2982 nundinationis
506 2909 748 2992 catholicorum,
780 2916 858 2974 ‘non
885 2910 970 2973 enim
999 2930 1175 2992 possumus
1208 2906 1337 2990 aliquid
1360 2905 1418 2970 ad·

300 3016 412 3058 uersus
433 2995 610 3075 ueritatem,
633 2994 690 3057 sed
710 3015 776 3078 pro
798 2994 941 3058 ueritate'
964 3015 1036 3058 cum
1057 2990 1203 3076 apostolo
1227 2991 1416 3070 dicentium,

301 3086 368 3140 tum
398 3079 435 3140 in
468 3076 584 3142 Italico
614 3100 713 3161 quam
740 3081 777 3142 in
806 3078 1001 3142 Tdeutonico
1030 3098 1132 3162 rayno
1152 3075 1233 3158 fieri
1260 3075 1417 3158 rapinas,

301 3161 468 3242 incendia,
501 3162 735 3226 destructiones
771 3160 991 3242 ecclesiarum,
1026 3161 1163 3242 penitus
1199 3169 1228 3222 et
1263 3159 1418 3304 suspiria

303 3247 527 3326 orphanorum
548 3255 577 3311 et
597 3247 785 3311 uiduarum.
818 3247 907 3310 Huic
930 3244 1086 3331 quiddam
1110 3241 1214 3308 simile
1232 3265 1309 3307 conc
1325 3264 1416 3306 ama·

155 3330 381 3398 mann-tam
403 3339 431 3393 et
452 3330 575 3395 Iudaei
595 3333 633 3395 in
654 3331 880 3416 Redemptoris
902 3331 1007 3394 nostri
1030 3330 1206 3393 occisione:
1229 3327 1417 3394 ‘Commovit

298 3413 470 3500 populum,
503 3416 620 3480 docens
646 3437 711 3500 per
742 3418 929 3480 uniuersam
961 3413 1121 3477 Iudaeam
1150 3421 1178 3478 et
1205 3413 1371 3496 incipiens
1395 3433 1417 3474 a

305 3497 458 3564 Galilaea
480 3522 581 3584 nsque
603 3499 685 3564 buc'.

391 3583 439 3648 13.
478 3583 587 3647 Nostis
609 3603 684 3648 vero
708 3583 763 3668 qui
785 3581 986 3668 euangelium
1007 3580 1140 3668 legistis,
1164 3601 1247 3666 quae
1269 3579 1418 3644 dominus

304 3665 394 3730 Iesus
416 3666 492 3732 fecit
513 3677 545 3732 et
559 3666 713 3749 docuerit,
736 3667 897 3754 quomodo
920 3667 1071 3732 sanitates
1090 3687 1259 3752 corporum
1281 3673 1314 3728 et
1329 3685 1419 3728 cura-

304 3750 408 3814 tiones
429 3753 609 3814 animarum
632 3760 782 3838 operatus
802 3753 859 3834 sit3
884 3751 1020 3838 ideoque
1043 3751 1167 3817 scribae
1190 3759 1222 3815 et
1243 3749 1418 3832 Pharisaei,

305 3832 346 3898 de
377 3832 458 3898 falsa
481 3836 604 3900 iustitia
628 3844 877 3920 praesumentes,
899 3834 1066 3900 beneficiis
1098 3837 1166 3901 eius
1196 3845 1228 3900 et
1248 3835 1419 3900 virtutibus

305 3917 505 4002 invidebant,
539 3928 571 3984 et
597 3941 680 4006 quae
708 3940 827 4005 negare
858 3921 1069 4007 nequiverant
1106 3921 1234 3984 sinistra
1265 3919 1418 4003 interpre-

304 4003 424 4068 tatione
451 4011 632 4090 pervertere
663 4001 864 4087 laborabant,
890 4017 921 4069 et
949 4015 1081 4091 propter
1108 4003 1210 4068 multa
1237 4003 1304 4070 eius
1334 4003 1420 4067 bona

305 4109 403 4174 opera
434 4110 536 4175 usque
568 4088 609 4152 ad
639 4099 773 4154 mortem
800 4091 961 4174 persecuti
988 4099 1063 4154 sunt
1084 4111 1167 4170 eum,
1196 4086 1419 4167 acclamantes,

305 4194 378 4237 eum
406 4175 619 4238 commovisse
672 4171 819 4273 opulum,
849 4175 999 4260 quoniam
1028 4171 1167 4259 populus
1196 4174 1229 4236 in
1259 4172 1308 4235 his
1336 4190 1418 4256 quae

304 4255 442 4342 gloriose
471 4256 592 4322 fiebant
617 4195 836 4324 admirabatur
864 4268 896 4324 et
915 4256 1117 4343 glorificabat
1137 4257 1254 4322 Deum.
1309 4253 1419 4320 Phari-

307 4383 332 4447 1)
359 4384 399 4435 Of.
420 4383 547 4452 Cypriani
572 4384 652 4436 illud:
680 4384 741 4436 Non
761 4384 830 4438 enim
848 4402 896 4436 nos
916 4385 949 4436 ab
969 4383 1031 4449 illis,
1050 4383 1193 4441 sediliis
1210 4383 1285 4436 nobis
1304 4398 1418 4436 recesse-

304 4461 376 4521 runt,
396 4459 485 4526 Opera
503 4477 530 4526 p.
551 4459 613 4511 220.
