3116 4822
298 356 333 405 42
481 358 530 409 DE
550 356 708 408 UNITATE
727 355 933 408 sccnssms
953 355 1230 409 CONSERVANDA.

381 525 411 589 2.
444 523 489 588 At
503 523 697 589 Hildebrant
718 545 804 610 papa
825 525 954 590 miscuit
977 547 1010 589 se
1025 524 1234 610 plurimorum
1257 523 1416 588 mortibus

298 608 554 691 christianorum,
567 610 764 674 succendens
776 606 897 695 ubique
908 609 1057 674 incendia
1072 608 1227 674 bellorum
1243 631 1302 694 per
1312 618 1417 674 totum

297 716 399 780 paene
428 693 609 758 Romanum
638 694 819 780 imperium,
848 702 884 758 ut
910 716 974 758 non
1003 704 1127 759 teneret
1148 691 1333 758 Henrichus
1356 715 1416 758 rex

297 801 432 864 regnum
461 778 573 843 aDeo
603 777 666 842 sibi
695 777 847 842 collatum
869 800 929 864 per
949 778 1168 843 successiones
1189 786 1320 865 patrum
1343 799 1415 842 suo·

297 885 379 931 rum.
410 863 475 943 Qui
490 863 587 927 etism
607 864 641 926 in
664 885 758 928 usum
780 861 857 926 belli
879 863 1034 927 conduxit
1053 861 1170 928 milites
1192 861 1417 949 reipublicae,

137 966 284 1018 erinae.
298 969 371 1012 cum
409 946 583 1012 militantes
619 947 692 1013 Deo
728 948 773 1012 im
798 946 896 1012 licare
932 970 967 1013 se
1002 969 1068 1012 non
1103 946 1243 1013 debeant
1277 947 1416 1034 negotiis

298 1031 516 1097 saecularibus
553 1033 645 1097 iuxta
673 970 877 1118 disciplinam
910 1031 1081 1116 ecclesiae,
1110 1041 1142 1097 et
1173 1041 1306 1118 propter
1340 1053 1377 1095 su
1404 1071 1415 1081 -

296 1115 456 1202 plemente
485 1116 766 1202 stipendiariorum
794 1117 862 1181 sive
889 1115 1056 1200 mercedis,
1087 1138 1147 1203 pro
1173 1137 1238 1216 qua
1266 1054 1415 1182 mercede

296 1201 365 1266 eius
384 1200 600 1266 militaverant
621 1211 732 1266 eontra
752 1223 861 1286 regem
884 1203 1084 1288 eundemque
1130 1201 1278 1266 anicium
1298 1199 1415 1264 Roma·

296 1307 428 1368 norum,
466 1283 617 1371 spoliavit
654 1286 832 1350 Romanam
875 1283 1040 1350 ecclesiam
1082 1223 1298 1350 oblationibus
1338 1283 1416 1349 fide·

296 1369 384 1451 lium,
414 1369 531 1456 quibus
558 1370 712 1434 hactenus
739 1367 863 1433 solebat
887 1367 972 1434 alere
993 1369 1059 1433 indi
1084 1370 1203 1434 entiam
1224 1389 1415 1455 pauperum,

298 1455 370 1540 qui,
397 1454 481 1518 sicut
512 1453 558 1519 ait
589 1453 780 1519 Laurentius
809 1463 951 1538 martyr¹
982 1453 1024 1517 ad
1087 1455 1210 1536 ecium,
1240 1463 1314 1518 sunt
1346 1451 1413 1519 the·

297 1538 386 1602 sauri
417 1537 555 1620 aeterni,
590 1539 646 1624 qui
678 1558 841 1623 nunquam
878 1537 1067 1604 minuuntur
1099 1546 1131 1604 et
1163 1548 1325 1620 crescunt,
1360 1537 1416 1624 qui

297 1622 331 1685 in
346 1621 481 1706 singulis
496 1630 709 1707 asperguntur
730 1622 809 1688 etin
825 1621 995 1686 omnibus⁸
1012 1622 1229 1706 inveniuntur,
1251 1620 1417 1708 inquibus

297 1705 421 1771 scilicet
455 1705 611 1771 ecclesiae
646 1706 804 1773 thesauris
838 1728 913 1772 vere
950 1705 1098 1772 Christus
1135 1715 1192 1790 est,
1227 1707 1262 1770 in
1297 1705 1415 1793 quibus

298 1789 418 1856 Christi
445 1789 524 1855 fides
553 1799 611 1856 est
656 1793 756 1878 Segre
780 1792 847 1856 avit
871 1791 967 1856 etiam
991 1791 1053 1857 sibi
1074 1791 1115 1857 ab
1138 1789 1275 1856 ecelesia
1295 1790 1415 1877 pleros·

298 1896 361 1962 que
390 1877 560 1963 episcopos
588 1884 685 1962 atque
714 1813 859 1958 abietes,
888 1874 928 1940 de
956 1898 992 1941 re
1013 1874 1144 1962 publica
1165 1885 1273 1940 autem
1296 1873 1416 1961 pleros·

298 1981 360 2046 que
382 1959 481 2025 duces
502 1970 599 2047 atque
620 1961 763 2042 comites,
784 1962 904 2026 utiam
926 1982 991 2024 non
1012 1961 1076 2025 sint
1096 1983 1196 2024 unum
1225 1981 1340 2046 corpus
1362 1957 1415 2024 vel

136 2043 453 2120 saussaecclesiae
473 2042 525 2110 vel
546 2047 593 2110 rei
615 2044 775 2131 publicae,
797 2055 829 2110 et
850 2054 971 2109 utnon
994 2045 1036 2109 sit
1052 2042 1265 2108 multitudinis
1287 2043 1416 2109 creden-

297 2130 380 2194 tium
407 2150 463 2194 cor
488 2151 589 2193 unum
616 2140 649 2194 et
673 2129 781 2193 anima
801 2150 866 2192 una
887 2127 1065 2194 secundum
1087 2127 1292 2216 disciplinam
1314 2127 1414 2192 eccle-

298 2215 374 2296 siae,
396 2211 455 2278 sed
475 2213 540 2277 sint
561 2211 739 2277 secundum
761 2213 920 2278 comicum
944 2221 1023 2298 quot
1043 2212 1189 2278 homines
1216 2221 1264 2279 tot
1290 2222 1415 2278 senten·

297 2300 361 2362 tiae
371 2308 394 2361 ².
437 2296 501 2361 Pro
531 2296 580 2360 his
610 2307 642 2362 et
663 2296 847 2361 huiusmodi
868 2298 986 2362 meruit
1006 2295 1079 2361 talis
1101 2297 1294 2364 Hildebrant
1314 2296 1415 2362 domi·

296 2403 357 2445 nus
390 2379 586 2466 apostolicus
620 2380 799 2467 Gregorius
831 2379 988 2481 appellari
1017 2391 1051 2447 at
1074 2403 1115 2448 ue
1141 2383 1175 2446 in
1208 2382 1355 2448 doctrina
1383 2390 1416 2447 et

297 2465 537 2531 conversatione
566 2464 739 2530 catholicus
766 2466 909 2546 inscribi,
941 2475 973 2531 et
993 2404 1081 2552 apuh
1101 2467 1207 2554 ipsum
1228 2478 1326 2566 atque
1349 2467 1415 2550 epi·

296 2570 412 2635 scopos
433 2551 536 2636 ipsius
558 2572 628 2616 esse
650 2548 819 2615 ecclesiam
834 2550 899 2614 Dei
920 2559 953 2614 et
973 2551 1128 2616 iustitiam
1144 2551 1216 2615 Dei.
1249 2551 1305 2616 S1e
1327 2551 1413 2614 enim

296 2635 380 2699 inter
400 2632 502 2699 multa
522 2633 585 2698 alia
606 2636 762 2721 scriptum
783 2644 909 2700 tenetur
930 2635 964 2699 in
983 2633 1119 2722 epistola
1140 2645 1252 2700 contra
1267 2633 1414 2700 Olemen-

296 2729 362 2784 tem
390 2739 520 2806 papam,
569 2741 644 2784 uam
673 2720 851 2806 reperimus
878 2720 1045 2806 scripsisse
1071 2719 1233 2807 quandam
1261 2720 1415 2784 infamem

137 2813 498 2890 Rom·1⁰‚1⁰·personam³.
541 2742 662 2891 qutur,
690 2804 805 2906 inquit,
835 2806 1001 2888 quoniam,
1025 2806 1109 2869 sicut
1132 2805 1299 2889 apostolus
1321 2805 1412 2887 dicit,

298 2889 394 2953 corde
416 2887 561 2953 ereditur
582 2889 811 2962 delicatiorem,
833 2909 887 2952 ore
903 2897 1009 2952 autem
1024 2889 1183 2973 confessio
1197 2889 1241 2972 fit
1263 2889 1309 2953 ad
1323 2887 1413 2952 salu-

136 2982 368 3054 austratem,
396 2981 425 3036 et
451 2995 511 3036 noe
538 2975 709 3054 eredimus,
726 2980 866 3058 propter
888 2971 975 3057 quod
996 2981 1025 3034 et
1046 2971 1222 3059 loquimur,
1244 2975 1413 3038 dominum

299 3055 513 3141 apostolieum
530 3055 727 3142 arepertum
748 3057 785 3120 in
808 3056 960 3120 doctrina
975 3066 1003 3121 et
1018 3059 1263 3122 conversatione
1278 3057 1413 3122 catholi-

280 3164 379 3221 cam.
421 3139 466 3204 Et
491 3140 623 3204 iterum:
652 3140 719 3206 Sed
745 3162 811 3204 oon
830 3140 1161 3224 praetermittendum,
1189 3142 1303 3228 inquit,
1326 3140 1414 3227 quod

303 3224 494 3310 Wipberdm
528 3247 561 3289 se
593 3247 718 3290 servum
753 3247 918 3289 aereorum
948 3225 1014 3290 Dei
1043 3227 1192 3290 nominat
1218 3225 1412 3306 mentiendo,

297 3318 445 3374 sonetum
459 3331 534 3374 cero
548 3319 683 3374 matrem
697 3309 873 3391 eeclesiam,
894 3309 932 3373 id
946 3319 990 3372 est
1004 3308 1096 3390 filios
1116 3311 1191 3393 Dei,
1214 3313 1271 3397 qui
1290 3310 1413 3395 spiritu

296 3393 363 3458 Dei
395 3402 553 3480 aquator,
586 3416 724 3479 quorum
756 3394 958 3458 conversatio
990 3397 1028 3458 in
1056 3394 1157 3459 caelis
1187 3404 1243 3476 est,
1273 3403 1413 3459 satanae

296 3500 502 3564 synopopom
517 3477 694 3563 appellnt
717 3477 803 3542 Ecce
818 3476 903 3542 enim
918 3477 1060 3563 episcopi
1071 3475 1287 3545 Hildebrandi
1297 3500 1412 3566 papae,

298 3583 371 3624 cum
393 3562 456 3626 sint
476 3560 590 3648 procul
611 3560 710 3627 dubio
733 3581 902 3647 corporum
925 3563 1047 3646 pariter
1069 3570 1100 3626 et
1114 3564 1292 3628 animarum
1312 3561 1412 3626 homi·

298 3645 400 3726 cidae,
422 3666 591 3732 corporum
606 3645 746 3732 quidem,
791 3647 919 3709 uoniam
934 3647 1006 3733 ipsi,
1021 3654 1131 3732 utpote
1145 3648 1207 3713 viri
1222 3646 1413 3730 sanguinum

297 3737 330 3793 et
355 3727 468 3812 dolosi,
498 3730 549 3793 usi
582 3741 656 3796 sunt
684 3667 834 3796 manilius
864 3729 924 3796 sibi
954 3730 1200 3817 obsequentium
1228 3730 1270 3794 ad
1298 3750 1411 3794 necem

295 3811 518 3899 plurimorum,
540 3814 719 3878 animarum
740 3825 858 3897 antem,
880 3815 1032 3901 quoniam
1055 3815 1242 3882 occiderunt
1254 3823 1413 3901 quotquot

296 3906 526 3984 separaverunt
553 3899 594 3964 ab
621 3899 743 3964 unitate
770 3897 945 3964 catholicae
972 3899 1136 3983 ecclesiae,
1166 3899 1316 3986 quoniam
1345 3897 1413 3962 ‘filii

171 3981 472 4067 Parachominum,
502 3982 614 4048 dentes
643 4004 754 4048 eorum
780 4005 870 4050 arma
895 3993 927 4049 et
948 3986 1093 4068 sagittae,
1116 3993 1148 4050 et
1168 3982 1279 4069 lingua
1301 4005 1411 4049 eorum

296 4066 423 4153 gladius
452 4066 584 4150 acutus',
613 4067 722 4155 quales
751 4069 864 4135 merito
898 4069 1048 4134 dicuntur
1080 4089 1244 4156 synagoga
1265 4078 1411 4134 satanae:

297 4199 319 4251 a)
335 4201 367 4240 ua
382 4199 432 4248 Aa,
448 4201 564 4242 montibus
581 4203 602 4243 1.

299 4298 325 4359 1)
340 4296 381 4348 cf.
395 4295 496 4348 Adonis
509 4297 694 4364 Martyrolog,
706 4300 775 4349 Acta
789 4297 839 4351 SS.
852 4298 965 4364 August.
979 4299 1016 4362 II,
1031 4317 1058 4366 p.
1070 4298 1131 4350 518.
1146 4299 1209 4349 519.
1270 4296 1299 4364 2)
1312 4298 1411 4348 Teren·

296 4371 358 4431 tius,
383 4369 508 4421 Phormio
534 4371 559 4433 2,
579 4373 605 4421 4.
633 4373 675 4423 14.
759 4373 786 4436 3)
814 4370 893 4423 ctl.
914 4373 968 4432 111,
989 4389 1012 4422 c.
1034 4374 1061 4424 2.
1149 4370 1179 4438 4)
1206 4372 1248 4426 cf.
1270 4371 1413 4440 epistulam

299 4442 452 4507 Clementis,
472 4443 543 4494 Jaffs
562 4445 595 4504 V,
616 4445 676 4496 145.
698 4451 724 4496 et
744 4445 804 4495 150.
