3098 4818
417 357 538 408 BRUNO
557 358 606 408 DE
625 357 744 409 BELLO
765 357 951 408 SAXONIOO.
1212 357 1246 405 93

9 522 17 560 ³
122 525 259 612 lepatos,
282 529 350 592 nisi
360 526 454 612 forte
477 529 567 610 capti
581 529 676 606 sinu,
699 527 901 609 apertissime
910 521 1046 609 potestis
1062 541 1323 611 apnoscere,1oto.

124 619 155 672 et
185 611 215 674 si
242 611 323 694 quid
345 611 454 675 adbuc
479 609 703 690 remanseritb,
728 631 793 694 per
819 610 989 694 episcopos
1017 610 1189 674 Metensem
1219 618 1248 674 et

9 691 16 726 ·’
124 694 352 760 Pataniensern
382 706 410 758 et
438 695 581 759 abbatem
610 693 839 780 Aapiensem1,
871 695 928 779 qui
957 695 1248 776 nobiscam'flnern

123 780 176 841 rei
197 779 438 863 praestolando
466 789 648 858 morantur,
679 801 750 841 cnm
781 779 826 842 ad
852 801 908 842 oos
935 781 1004 861 ipsi
1026 780 1246 861 pervenerint,

126 865 225 947 qnasi
246 865 284 927 in
300 874 459 948 prompta
482 863 605 926 bebetis
628 863 757 926 audire.
800 861 963 926 Postremo
992 862 1050 926 boc
1072 885 1129 926 uos
1151 863 1245 948 ipno-

124 969 204 1010 rare
227 948 387 1028 nolumus,
411 949 492 1032 quia
515 949 690 1032 omniqua
713 954 835 1029 oportet
855 948 1029 1028 instantia,
1056 957 1148 1010 cnm⁰
1171 968 1246 1010 ora-

124 1033 227 1095 tionis
255 1041 387 1096 nostrae
416 1031 622 1110 assiduitate,
656 1039 722 1093 tam
752 1029 856 1114 afleti
883 1031 989 1094 nostri
1016 1031 1191 1115 pravitate,
1219 1039 1248 1092 et

9 1129 10 1134 ’
120 1117 361 1199 prospiciendo
395 1116 561 1180 consulere
599 1123 627 1177 et
667 1114 864 1178 consulendo
895 1115 1088 1198 prospicere
1125 1124 1250 1179 uestrae

125 1202 312 1264 necessitati
333 1223 400 1264 non
423 1199 609 1264 dubitamus
618 1209 640 1260 ².

214 1285 283 1347 121.
327 1283 451 1347 Eodem
473 1305 573 1364 anno,
601 1303 712 1345 mense
733 1279 883 1346 videlieet
906 1280 1055 1364 Octobri,
1077 1265 1326 1367 Heinricusfflf⁰

126 1365 282 1432 militiael
296 1365 458 1432 laboribus
473 1363 689 1451 infatigabilis,
708 1365 822 1430 iterum
838 1367 1047 1452 congregavit
1061 1366 1247 1446 exercitum,

126 1461 165 1514 ut
186 1451 352 1516 invaderet
374 1452 536 1516 Saxoniae
565 1472 712 1536 regnum.
757 1449 902 1514 Saxones
924 1472 1000 1514 vero
1030 1471 1104 1514 oum
1126 1451 1248 1535 ingenti

126 1534 331 1599 multitudine
347 1545 553 1600 occurrerunt
568 1535 597 1600 ei
611 1535 645 1598 in
659 1533 729 1598 loco
745 1535 801 1620 qui
816 1533 959 1600 Oanoul³
973 1544 1116 1615 vocatur,
1138 1535 1248 1620 ibique

127 1620 240 1683 eastris
262 1621 375 1704 positis
397 1620 562 1701 sederunt,
591 1628 627 1683 ut
648 1617 727 1682 fines
749 1641 823 1682 suos
846 1641 919 1683 oum
942 1619 1005 1682 Dei
1026 1618 1183 1682 adiutorio
1206 1617 1247 1682 ab

127 1702 235 1767 hostili
263 1705 427 1768 invasione
455 1711 629 1768 tuerentur.
681 1700 828 1788 Cumque
857 1703 964 1766 missis
993 1701 1248 1788 exploratoribus

128 1785 181 1850 ille
195 1797 338 1851 nostram
352 1788 504 1851 virtutem
527 1795 744 1872 cognosceret,
766 1797 799 1850 et
820 1788 849 1850 ei
871 1808 945 1850 cum
968 1809 1026 1850 sua
1040 1787 1157 1851 virtute
1174 1808 1248 1850 con-

127 1871 221 1956 gredi
249 1893 313 1934 non
342 1871 485 1954 auderet,
515 1871 556 1935 ad
585 1879 686 1935 artem
709 1869 848 1934 malitiae
871 1871 1026 1934 convertit
1047 1892 1090 1948 se,
1120 1869 1249 1956 dolique

129 1953 300 2019 ealliditate
321 1967 467 2020 nostrum
489 1977 605 2039 agmen
626 1956 659 2017 in
681 1953 761 2018 duas
783 1962 890 2039 partes
913 1954 1077 2039 dispergit,
1104 1964 1140 2018 ut
1162 1953 1250 2101 quod

127 2039 288 2122 integrum
311 2040 377 2103 suis
398 2039 521 2104 viribus
543 2038 692 2103 diffidens
713 2037 801 2102 adire
822 2060 886 2102 non
908 2037 1142 2123 praesumebat,
1192 2038 1249 2102 ivi·

128 2145 200 2186 sum
222 2146 280 2209 per
300 2134 417 2209 parteS,
441 2125 469 2188 si
489 2124 662 2189 necessitas
690 2120 908 2207 compelleret,
937 2121 1072 2220 aggredi
1097 2144 1161 2186 non
1187 2121 1249 2185 for-

128 2207 274 2272 midaret.
317 2208 399 2272 Nam
423 2230 497 2272 eum
518 2207 673 2294 proelium
693 2207 838 2271 devitans
853 2229 927 2270 cum
942 2228 1090 2270 universo
1106 2207 1250 2270 exercitu

129 2313 187 2355 suo
218 2301 330 2356 eontra
351 2292 558 2378 Erphesfort⁰
587 2290 745 2373 tenderet,
766 2290 985 2355 velocissimos
1012 2291 1134 2376 equites
1164 2300 1249 2355 retro

130 2385 242 2439 eontra
265 2375 446 2440 Goslariam
468 2377 565 2456 misit,
593 2376 648 2461 qui
671 2375 865 2461 quibusdam
886 2373 970 2438 villis
992 2375 1129 2440 incensis
1151 2374 1192 2439 ad
1215 2397 1249 2440 se

128 2458 282 2524 velociter
296 2482 354 2545 pro
380 2470 512 2524 ararent.
555 2457 600 2522 At
615 2461 761 2523 Saxones
785 2482 843 2544 per
864 2481 938 2524 suus
954 2458 1172 2544 exploratores
1189 2459 1250 2524 iter

130 2544 199 2606 eius
215 2553 326 2608 contm
370 2541 528 2629 rphesfort
542 2543 656 2625 edocti,
680 2565 842 2607 sirmeum
863 2542 955 2608 facile
970 2551 1103 2627 possent
1123 2544 1250 2629 insequi

129 2626 181 2691 vel
203 2629 299 2691 etiam
320 2629 521 2712 praevenire,
550 2627 620 2691 viso
642 2637 716 2712 post
745 2625 874 2690 dorsum
901 2627 990 2690 fumo
1011 2625 1088 2690 illue
1108 2627 1250 2690 universi

128 2712 289 2794 festinant,
313 2722 348 2775 ut
367 2713 395 2774 ei
412 2711 593 2776 Goslariam
616 2721 648 2774 et
667 2710 736 2774 illas
774 2721 858 2775 artes
874 2709 1034 2776 Saxoniae
1049 2710 1250 2796 prohibeant.

129 2793 187 2860 Ille
209 2818 285 2860 vero
308 2805 457 2881 coaptum
480 2797 541 2860 iter
561 2795 603 2858 ad
617 2733 809 2881 Erpheslbrt
821 2816 988 2881 peragens,
1011 2793 1168 2880 oppidum
1186 2795 1250 2858 iam

131 2901 320 2945 succensum
340 2879 444 2943 fiierat
458 2878 680 2965 depraedatus,
704 2901 777 2943 oum
791 2889 898 2943 noster
912 2879 1073 2943 exercitus
1088 2900 1121 2942 se
1137 2877 1250 2964 deeep-

130 2975 198 3030 tum
220 2963 414 3049 intelligens,
441 2986 558 3050 magna
579 2962 675 3028 turba
696 2963 840 3049 peditum
863 2961 957 3026 simul
978 2972 1010 3026 et
1032 2963 1174 3050 equitum
1198 2961 1250 3028 de-

129 3048 240 3112 relicta
254 3048 343 3113 illum
358 3057 407 3114 est
420 3050 594 3118 insecutus.
640 3047 787 3134 Oumque
807 3048 872 3110 iam
894 3046 939 3111 illi
960 3057 1116 3113 nostrates
1134 3070 1154 3111 a
1177 3069 1250 3132 pro-

130 3133 337 3218 pinquarent,
370 3153 508 3220 eumque
536 3132 780 3217 Niuamburgf·⁴
812 3132 1032 3217 episcopatum
1061 3069 1360 3196 incenium-³⁸⁰·

130 3215 210 3280 velle
225 3217 379 3300 viderent,
400 3238 538 3317 propero
560 3239 655 3280 cursu
673 3239 747 3281 eum
761 3238 819 3300 per
833 3224 985 3281 montana
998 3217 1249 3302 praevenientes',

130 3301 243 3365 urbem
273 3300 314 3364 ab
343 3302 491 3366 ineend1o
521 3300 643 3366 fortiter
665 3301 882 3366 defenderunt.
927 3301 1000 3380 Quo
1027 3299 1080 3364 ille
1110 3300 1248 3382 cognit0,

131 3383 228 3449 obvia
256 3394 371 3450 cuncta
399 3384 591 3450 comburens
621 3395 653 3450 et
672 3396 812 3464 vastans,
834 3385 875 3447 ad
897 3381 1033 3447 fluvium
1055 3384 1111 3470 qui
1132 3383 1249 3448 dieitur

132 3468 257 3534 Elstera
277 3471 437 3554 pervenit3
465 3471 555 3534 cuius
585 3491 702 3553 magna
723 3467 939 3554 profunditate
965 3468 1037 3530 visa
1064 3466 1174 3531 nolens
1196 3466 1249 3531 ibi

132 3563 235 3618 castra
263 3552 390 3618 locavit.
441 3553 506 3617 Hie
540 3553 739 3618 diversorum
775 3552 919 3616 diversas
955 3551 1120 3636 opiniones
1151 3552 1249 3616 michi

132 3638 267 3722 contigit
287 3659 471 3722 agnoscere,
493 3637 549 3702 sed
572 3637 625 3701 oui
647 3658 757 3700 aarum
772 3636 889 3700 veritas
911 3636 1052 3719 accedat,
1074 3657 1138 3700 non
1160 3635 1250 3702 licuit

132 3799 155 3854 a)
170 3806 224 3842 sunt
240 3802 260 3842 2.
322 3799 345 3853 b)
362 3803 472 3843 remansit
488 3803 509 3842 2.
570 3799 591 3852 c)
607 3804 655 3841 tum
673 3801 693 3842 2.
747 3799 771 3853 d)
786 3801 819 3840 tta
835 3801 868 3850 t.;
883 3799 976 3842 malicie
993 3802 1012 3842 1,
1059 3799 1082 3852 a)
1098 3801 1249 3852 amesseae.

131 3859 323 3913 Omuaniburgk
340 3863 365 3912 15
385 3861 505 3902 Nlenburh
522 3862 542 3902 2.

135 3990 161 4060 1)
188 3992 218 4042 V.
238 3992 378 4044 Bertbotdi
396 3994 468 4044 Ana.
487 4012 514 4044 a.
535 3995 613 4045 1079.
642 3993 673 4045 P.
711 3991 740 4058 2)
759 3992 794 4043 ln
808 3990 870 4044 C'od.
890 3990 1008 4043 Udatrici
1026 3990 1145 4058 sequitur
1163 3999 1187 4043 et
1206 3989 1250 4043 bio

133 4073 212 4131 capnt
231 4067 264 4118 de
284 4067 512 4134 archiepiscopatu
530 4067 761 4134 Mapdeburpensi
780 4065 852 4132 quod
869 4063 967 4117 videsis
987 4082 1032 4131 ap.
1046 4065 1162 4131 Jafftum
1175 4065 1250 4116 Mon.

135 4139 241 4205 Greyor.
251 4156 281 4204 p.
295 4139 355 4192 554.
382 4141 418 4193 W.
462 4139 492 4206 3)
511 4140 636 4192 Fortasse
649 4140 738 4191 Kenio
746 4156 832 4204 prope
845 4139 1032 4191 Mrtbttousen.
1050 4138 1083 4189 P.
1121 4137 1153 4189 A.
1174 4136 1250 4188 Wac-

133 4212 202 4263 scltet
221 4208 363 4280 (Anaeiper
381 4215 407 4266 d.
427 4213 514 4265 Germ.
534 4214 605 4266 Mus.
623 4212 734 4275 XXIII,
753 4213 857 4275 4-11)
876 4213 982 4264 Kttnloel
997 4229 1080 4278 prope
1099 4206 1251 4280 Bebrinpsn

134 4302 187 4336 csse
207 4295 296 4350 putot,
327 4287 489 4340 Giesebrecbt
514 4287 673 4350 Kitttstaedt,
707 4286 744 4337 ad
771 4284 906 4337 meridiem
934 4303 952 4336 o
979 4285 1175 4352 Diopetstasdt.=
1214 4282 1249 4335 W.

135 4355 163 4424 4)
184 4357 349 4426 Naanburp,
387 4360 419 4412 P.
1057 4367 1059 4372 “
1246 4382 1249 4387 ·
