3114 4814
296 389 333 438 86
481 387 531 439 ΒΕ
550 385 711 440 ΠΝΙΤΔΤΕ
731 385 936 438 rochester:
957 385 1233 440 CONSERVANDA.

295 579 331 622 so
351 553 614 642 persuasionibus
636 552 765 620 trabant
785 562 818 620 et
832 554 987 620 doctrinis
1009 554 1170 641 pestiferis
1191 553 1234 619 ad
1255 554 1419 620 interitum

293 642 446 706 nutriant.
481 639 562 706 Sed:
584 639 665 704 Nisi
686 641 876 724 cognoveris
897 649 935 720 ta,
959 663 976 704 o
987 640 1134 725 paleira
1155 641 1243 704 inter
1257 639 1420 718 mulieres,

153 745 224 789 cens
233 750 254 800 r,
262 749 283 790 s.
294 726 456 814 egredere,
482 725 589 810 inquit
610 722 782 806 Dominus,
813 733 842 788 et
869 724 926 789 abi
942 734 1020 809 post
1041 724 1182 809 vestigia
1226 743 1361 808 repam·
1383 723 1420 788 id

294 820 356 878 est:
384 810 447 874 nisi
473 809 627 874 honorem
649 817 751 890 tuum,
780 831 845 894 quo
873 808 915 872 ad
937 807 1179 872 similitudinem
1235 808 1266 872 ei
1287 829 1321 871 es
1343 827 1419 872 con·

293 895 370 976 dits,
391 891 628 958 benevivendo
650 893 851 977 cognoveris,
873 915 893 955 a
914 903 1092 979 conspectu
1113 913 1205 956 meae
1220 889 1419 977 contempla-

292 979 391 1044 tionis
412 976 566 1062 egredere
588 985 620 1040 et
640 976 685 1039 im
712 978 864 1042 oritorum
885 977 986 1041 vitam
1013 979 1140 1041 imitare
1162 975 1364 1061 populorum,
1386 985 1420 1040 et

293 1062 432 1128 cultores
447 1081 672 1147 perversorum
686 998 729 1125 do
753 1071 886 1143 matum,
908 1062 999 1146 quasi
1014 1060 1157 1126 hoedos·
1176 1069 1249 1124 tuos
1266 1079 1362 1144 pasce
1383 1061 1419 1124 in

291 1145 507 1212 tabernaculis
529 1154 705 1230 pastorum,
728 1085 791 1210 doc
812 1154 861 1211 est
881 1145 916 1207 in
937 1144 1173 1209 conventiculis
1194 1144 1417 1208 hereticorum.

291 1231 381 1296 Ecce
398 1230 484 1294 enim
499 1227 649 1292 defensor
662 1229 803 1314 partium
817 1227 1032 1293 Hildebrandi
1053 1227 1167 1293 scribit
1182 1237 1293 1293 contra
1307 1226 1418 1292 sedem

292 1313 504 1402 apostolicam
530 1310 627 1376 simul
655 1321 688 1377 et
715 1322 827 1378 contra
854 1313 1070 1379 universalem
1094 1311 1272 1394 ecclesiam,
1295 1311 1416 1395 dicens,

291 1421 364 1464 eam
385 1397 531 1462 amisisse
553 1395 707 1461 honorem
722 1397 902 1462 sacerdotii.
931 1397 978 1463 Ut
999 1396 1125 1462 facilius
1144 1397 1246 1482 possit
1267 1395 1418 1482 decipere

291 1505 359 1564 eon,
386 1483 441 1569 qui
468 1479 604 1545 credunt
631 1478 716 1545 illius
737 1481 980 1567 perversissimo
1003 1483 1113 1562 errori,
1135 1480 1311 1546 introducit
1331 1481 1418 1546 testi·

292 1565 402 1630 monia
434 1572 619 1629 sanctorum
651 1575 790 1652 patrum,
819 1566 1010 1648 Innocentii,
1042 1563 1226 1647 Caelestini,
1257 1565 1417 1650 Gregorii,

292 1649 478 1738 Augustini.
528 1647 757 1714 Innocentius¹
790 1671 892 1736 papa:
926 1664 981 1728 Qot
1008 1665 1141 1728 honorem,
1170 1649 1285 1736 inquit,
1319 1663 1417 1732 omno,

291 1741 417 1792 tortorem
441 1739 507 1790 dare
531 1756 586 1790 non
606 1755 693 1804 porse,
719 1741 870 1792 messallam
888 1739 993 1806 aliquid
1012 1738 1045 1790 ab
1069 1755 1098 1790 eo
1118 1737 1250 1805 accepisse
1269 1739 1417 1806 mostard-

291 1831 360 1877 mas,
388 1812 454 1880 qaia
479 1810 550 1862 nibil
570 1811 600 1864 in
624 1813 706 1865 dante
731 1819 797 1878 erat,
822 1813 894 1880 quod
918 1812 1042 1864 alias'ab
1061 1828 1090 1862 eo
1106 1820 1196 1877 posset
1215 1813 1343 1879 accipere.
1380 1813 1417 1865 Εἰ

291 1904 384 1939 aeram
404 1891 442 1938 est
460 1891 536 1948 certe,
557 1885 622 1952 qnia
639 1885 712 1952 qnod
730 1905 784 1938 non
803 1887 896 1938 babuit
914 1887 982 1938 dare
1000 1903 1055 1936 non
1069 1886 1167 1951 potnit.
1208 1886 1417 1938 Damnationem

293 1961 383 2026 ntique
402 1976 482 2026 qaam
501 1958 594 2009 babuit
609 1977 661 2026 per
675 1977 793 2027 maram
810 1977 907 2011 manas
919 1958 1112 2025 impositionem
1129 1957 1212 2024 dedit,
1231 1967 1255 2011 et
1272 1959 1319 2026 qai
1327 1959 1417 2026 parti·

293 2033 458 2100 capessetur
478 2038 515 2084 est
537 2032 660 2084 damnati
677 2033 807 2102 quomodo
825 2033 920 2085 debeat
939 2033 1065 2084 bonorem
1084 2032 1212 2100 accipere,
1230 2033 1350 2085 invenire
1361 2049 1417 2084 non

287 2133 408 2182 param.
452 2099 542 2163 Haeo
564 2110 650 2164 certe
672 2099 786 2164 scribit
807 2101 1015 2164 Innocentius
1036 2107 1148 2164 contra
1169 2123 1234 2180 eos,
1265 2101 1321 2186 qui
1343 2109 1418 2165 sunt

294 2181 468 2261 eiusmodi,
492 2180 595 2266 qualis
617 2193 666 2248 est
687 2206 786 2269 supra
808 2193 1003 2249 memoratus
1026 2182 1104 2248 Otto
1126 2183 1182 2248 vel
1204 2184 1417 2270 Hartvigusl,

293 2267 350 2366 qui
364 2268 526 2364 ‘terminos
547 2267 613 2331 anti
637 2289 695 2332 uos
717 2269 907 2354 transgressi
930 2276 1004 2331 sunt
1025 2289 1084 2354 per
1098 2279 1272 2355 usurpatae
1291 2269 1417 2334 ordina-

292 2359 390 2414 tronrs
412 2370 574 2414 excessus.
641 2375 659 2416 e
682 2352 799 2438 quibus
821 2361 853 2417 et
869 2350 1044 2418 Callistus²
1066 2373 1153 2438 papa
1174 2351 1302 2418 scribit:
1325 2367 1416 2430 Qood

293 2439 318 2491 si
335 2440 403 2506 qais,
429 2439 508 2490 ctiam
530 2442 748 2507 metropolitanas
773 2442 920 2510 episcopas,
938 2442 994 2494 nisi
1011 2443 1083 2508 qaod
1103 2443 1140 2494 ad
1158 2461 1235 2495 snam
1253 2442 1416 2496 solummodo

287 2513 405 2580 pertinet
425 2512 602 2577 parrochiam
622 2517 772 2582 propriam,
800 2517 858 2568 sine
883 2515 990 2568 oonsilio
1016 2522 1041 2568 et
1060 2517 1195 2568 volontate
1214 2517 1330 2569 omniam
1348 2533 1416 2568 oom-

287 2584 496 2652 procinoialiam
521 2587 702 2654 episcoporum
726 2598 803 2641 entra
826 2590 931 2656 aliquid
957 2607 1034 2656 apere
1060 2590 1233 2655 temptaverit,
1249 2591 1354 2658 aradae
1371 2589 1417 2640 sui

287 2663 409 2734 periculo
428 2667 582 2733 subiacebit,
602 2676 627 2720 ct
645 2671 717 2736 qaod
735 2688 749 2723 e
768 2672 817 2724 erit
835 2671 942 2722 initam
961 2671 1101 2724 totototo
1120 2678 1145 2722 et
1162 2689 1287 2724 caenam.
1319 2658 1417 2722 quta

293 2735 380 2822 quod
395 2756 594 2823 consequens
617 2738 713 2801 etiam
757 2738 925 2804 aelestini⁸
939 2740 1172 2804 testimonium:
1195 2754 1228 2806 st
1244 2757 1416 2822 quaefactae

292 2841 363 2899 sant,
388 2820 503 2906 inquit,
531 2834 713 2888 ordinationes
740 2837 859 2900 illicitae,
886 2847 1081 2903 removeantur,
1110 2838 1234 2904 quoniam
1262 2846 1335 2890 stare
1361 2857 1416 2891 non

287 2924 410 2982 porram.
452 2902 495 2966 Et
524 2924 596 2966 oum
619 2905 710 2968 iuxta
736 2926 911 2969 consonam
940 2917 1124 2971 sanctorum
1173 2915 1278 2970 anum
1300 2906 1416 2971 diffini-

292 2985 412 3048 tionem
434 2986 552 3071 dignus
579 3005 643 3050 non
670 2989 712 3052 sit
733 2988 785 3054 vel
806 2990 906 3052 sacris
933 2987 1089 3056 altaribus
1161 2991 1342 3056 ministrare
1364 2989 1417 3057 vel

294 3071 552 3135 communionem
574 3091 701 3156 capere,
730 3074 786 3158 qui
814 3074 918 3138 nescit
944 3075 1044 3138 sacris
1066 3074 1244 3140 canonibus
1273 3073 1415 3159 obedire,

189 3167 280 3222 (ων)
294 3163 529 3238 consequenter
543 3154 639 3218 etiam
662 3163 694 3219 et
708 3156 883 3222 introducit
901 3160 1086 3245 propositae
1108 3160 1245 3244 scriptor
1259 3159 1415 3244 epistolae

293 3243 404 3299 contra
426 3259 460 3303 se
483 3259 633 3324 suosque,
655 3241 711 3325 qui
738 3263 804 3306 non
826 3250 901 3306 sunt
922 3243 956 3306 in
977 3244 1204 3312 communione
1224 3243 1415 3310 universalis

293 3317 457 3403 ecclesiae,
479 3320 536 3386 sed
558 3323 592 3385 in
614 3335 706 3408 parte
728 3327 778 3390 sui
801 3325 962 3411 Gregorii,
983 3324 1064 3392 illud
1083 3330 1184 3392 nostri
1210 3329 1311 3416 patris
1335 3329 1414 3396 Gre-

291 3404 394 3488 gorii⁴
415 3407 643 3489 testimonium,
674 3431 738 3496 quo
761 3411 873 3477 scribit
897 3409 940 3475 ad
963 3411 1160 3476 Maximum:
1191 3429 1255 3492 Nos,
1276 3415 1331 3496 ait,
1354 3449 1415 3483 ooo·

291 3493 463 3547 secretionem
481 3495 568 3548 dicere
586 3497 659 3548 nallo
678 3499 755 3551 modo
769 3517 922 3566 poseamus,
941 3517 1011 3566 qaae
1030 3502 1064 3552 ab
1083 3501 1312 3556 ercammaniootis
1331 3505 1413 3557 bomi-

290 3565 369 3618 nibus
388 3577 426 3620 est
444 3569 583 3624 celebrata.
615 3571 687 3633 Quia
699 3589 759 3624 aero
778 3574 836 3626 aino
854 3575 936 3626 attiae
955 3575 1068 3641 exempli
1077 3576 1173 3641 somna
1185 3577 1293 3628 violasti
1311 3585 1414 3628 tantam

291 3640 433 3693 sacrdotii
458 3641 622 3709 dignitatem,
643 3645 835 3712 praecipimus,
861 3656 891 3698 ut
910 3657 939 3698 tn
964 3648 1184 3716 ordinatoresque
1201 3650 1241 3700 tai
1258 3651 1411 3702 nallatenus

291 3719 430 3768 attrectare
458 3714 600 3782 qaisquam
619 3720 800 3784 praeamantis
825 3721 999 3774 sacerdotalia
1023 3722 1113 3790 osfios'i,
1138 3739 1187 3776 nec
1211 3739 1293 3788 utque
1313 3723 1351 3775 ad
1368 3739 1411 3776 re-

290 3785 418 3852 seriptum
440 3794 559 3840 nostram
583 3790 621 3842 ad
640 3793 738 3844 ewam
755 3810 803 3846 coe
821 3794 894 3846 sacri
912 3795 1006 3846 altaris
1026 3797 1160 3848 accedere.
1199 3793 1300 3857 Quodsi
1318 3802 1412 3850 contra

290 3857 356 3911 liaeo
380 3877 458 3928 apere
478 3863 721 3930 presumpseritis,
747 3867 889 3920 anathema
914 3867 987 3922 cobis
1013 3869 1047 3919 sit
1068 3886 1086 3920 a
1104 3869 1163 3921 Deo
1186 3877 1210 3921 et
1228 3869 1303 3922 beato
1323 3869 1412 3936 Petro,

290 3933 468 3999 apostoloram
491 3935 624 4002 principe,
653 3947 682 3989 at
713 3941 928 4006 contemplatione
955 3939 1052 3994 iudicii
1079 3942 1161 3994 rostri
1188 3943 1279 3996 ceteris
1307 3961 1412 4011 qaoque

291 4105 315 4159 a)
331 4109 402 4149 aedos
419 4110 439 4150 1.
499 4107 524 4162 b)
539 4112 682 4162 Hertvlnssus
699 4115 720 4156 1.

293 4265 321 4334 1)
341 4270 487 4322 Hinschius
503 4289 529 4338 p.
544 4269 607 4321 bb0.
673 4271 703 4336 2)
722 4274 807 4340 Epist.
829 4275 928 4326 Oalixti
946 4276 1067 4327 secunda
1086 4293 1110 4328 o.
1126 4277 1168 4328 18.
1189 4295 1232 4345 ap.
1252 4279 1411 4331 Hinscbium

290 4357 317 4406 p.
337 4343 398 4392 139.
472 4344 500 4410 3)
521 4343 593 4395 Ibid.
617 4362 642 4411 p.
664 4345 726 4398 ⁶60.
801 4349 829 4411 4)
849 4349 972 4414 Gregorii
991 4349 1131 4415 Epistulae
1151 4351 1199 4416 IV,
1220 4352 1264 4403 20.
