3114 4814
354 357 404 407 DE
423 356 581 409 UNITATE
600 355 805 409 EOCLESIAE
826 359 1103 413 CONSERVANDA.
1262 362 1302 411 99

173 534 271 612 atque
300 522 513 610 periculosior
540 535 599 590 est.
641 525 725 590 Nam
754 527 839 590 acies
868 524 1069 594 coloniensis
1098 539 1195 616 atque
1221 529 1388 596 Tra-rosa„

173 611 324 674 iectensis
352 609 484 674 militiae
515 631 557 673 ex
587 613 765 696 composito
794 612 911 676 avertit
937 634 971 676 se
1000 622 1032 677 et
1060 614 1152 700 fugit,
1174 624 1209 679 ut
1231 623 1300 679 erat

172 696 257 760 inter
278 694 439 780 principia
455 703 567 758 contra
580 694 688 760 hostes
704 695 865 778 ordinata3
889 717 971 795 quae
986 699 1145 763 sociorum
1161 697 1299 764 defectio

173 778 269 863 fregit
284 779 409 842 animos
425 789 603 843 ceterorum
626 781 660 842 in
682 802 717 843 re
741 789 807 844 tam
822 780 949 866 treprda
969 790 1099 868 tamque
1121 784 1307 932 inopinata.

174 885 212 928 ac
235 861 369 948 perinde
396 863 569 927 subtractis
600 863 743 950 undique
764 887 822 950 per
843 864 953 950 fugam
977 871 1122 951 equitum
1145 891 1183 932 su
1208 868 1305 932 sidiis

174 969 303 1012 versum
333 955 383 1011 est
410 949 445 1010 in
466 947 590 1032 pedites
612 957 714 1012 totum
737 947 864 1034 pondus
885 948 1013 1035 praelii3
1043 951 1161 1038 quibus
1184 951 1305 1018 deinde·

174 1053 236 1096 nec
264 1053 377 1116 pugna
404 1043 550 1096 constare
579 1053 639 1096 noc
667 1032 745 1118 fuga
770 1033 839 1097 sine
860 1055 978 1118 magna
999 1035 1097 1100 caede
1119 1039 1223 1122 potuit
1245 1059 1304 1100 ex·-

199 1115 299 1180 licari.
343 1115 428 1184 Tum
450 1116 531 1180 forte
555 1127 669 1202 captus
692 1125 742 1180 est
763 1119 810 1181 ibi
853 1117 964 1182 uidam
985 1118 1123 1185 clericus
1141 1121 1300 1187 Wezelini

174 1139 359 1286 lloguntini
388 1199 625 1286 archiepiscopi
657 1203 786 1266 nomine
869 1202 1031 1286 ginherus,
1062 1225 1157 1292 quem
1184 1205 1299 1270 'adver-

177 1286 278 1348 sarius
300 1283 353 1348 illc
377 1283 498 1349 Ohristi
527 1294 558 1348 et
586 1284 741 1350 ecclesiae
765 1285 905 1372 Hartvig
934 1289 1097 1375 corripuit,
1123 1289 1219 1376 quod,
1242 1291 1299 1376 qui

178 1367 237 1434 sub
265 1369 371 1453 priore
402 1369 511 1454 cpisco
537 1391 555 1431 o
584 1369 745 1454 Sigefrido
776 1371 825 1433 sui
852 1379 978 1456 partem
1034 1395 1115 1458 apae
1149 1373 1300 1459 Gregorii

177 1454 434 1518 constantissime
468 1391 648 1518 dcllrnderit
681 1477 857 1541 regemque
889 1395 1090 1521 Han-rislum
1123 1480 1300 1544 omnesque

175 1537 317 1602 fautores
351 1538 419 1602 eius
452 1539 643 1624 pronissime
676 1537 879 1603 abominatus
907 1542 958 1622 sit,
991 1563 1078 1606 nunc
1112 1543 1205 1627 quasi
1241 1565 1300 1628 per

176 1621 287 1708 fugam
317 1621 448 1708 quidem
475 1622 518 1685 ad
545 1623 735 1688 iniustitiam
765 1645 913 1689 reversus
942 1625 999 1708 sit3
1028 1647 1066 1688 ac
1088 1626 1204 1692 deinde
1226 1649 1300 1691 eum

177 1707 264 1770 circa
287 1707 467 1770 occisorum
491 1728 628 1792 corpora
650 1707 865 1772 circumduxit
892 1717 989 1794 atque
1012 1709 1179 1794 gloriando
1201 1711 1299 1776 dixit:

176 1790 274 1855 ‘Ecce
289 1790 385 1855 modo
401 1800 546 1876 apparet,
568 1812 643 1854 ecce
658 1791 754 1854 modo
769 1801 915 1877 apparet,
936 1793 993 1857 ubi
1007 1795 1129 1858 iustitia
1151 1796 1202 1876 sit,
1224 1816 1299 1859 cum

176 1874 263 1961 apud
290 1878 370 1955 nos',
396 1876 510 1961 inquit,
540 1876 686 1940 ‘victoria
707 1875 780 1939 sitl'
825 1875 891 1940 Sed
913 1876 1044 1942 ‘iustitia
1066 1887 1097 1942 et
1119 1901 1184 1963 pax
1207 1900 1464 1960 osca-orassem

176 1958 260 2024 latae
293 1968 368 2024 sunt
400 1958 451 2042 se',
479 1961 630 2045 quoniam
661 1970 775 2024 neutra
801 1970 910 2045 potest
935 1961 1058 2048 absque
1091 1963 1191 2027 altera
1218 1985 1297 2029 esse.

178 2043 329 2108 Studium
352 2053 459 2108 autem
482 2052 514 2107 et
534 2043 637 2128 gloria
664 2056 712 2109 est
739 2065 851 2108 eorum
879 2047 935 2131 qui
957 2046 1117 2130 pertinent
1137 2047 1180 2110 ad
1201 2055 1297 2112 terrc-

176 2149 251 2192 nam
284 2129 456 2207 civitatem,
489 2128 652 2192 effundere
685 2129 861 2194 humanum
896 2132 1096 2215 sanguinem,
1131 2153 1204 2196 cum
1239 2131 1298 2196 filii

175 2213 266 2311 pacis
287 2211 321 2276 hi
343 2215 406 2277 sint
428 2211 485 2276 filii
506 2213 580 2278 Dei.
623 2215 668 2277 At
688 2212 773 2277 illius
796 2216 992 2298 sanguineae
1014 2215 1209 2282 crudelitatis
1231 2217 1296 2304 epi-

173 2317 288 2381 scopu:

303 2381 408 2444 Nulla
430 2381 494 2446 loci
505 2380 621 2465 facies
641 2391 771 2446 reuocat
782 2381 953 2467 feralibus
976 2387 1065 2448 arvis

304 2465 484 2529 Haerentes
507 2465 625 2546 oeulos,
646 2465 745 2529 celsos
767 2467 905 2531 cumulis
928 2470 1107 2553 aequantia
1130 2468 1224 2534 colles

306 2549 455 2634 Corpora
478 2551 678 2634 sitientesque
700 2551 738 2612 in
760 2551 863 2614 tabem
885 2573 900 2614 s
926 2561 1190 2616 eetatacerv031.

179 2631 280 2697 Oerte'
294 2631 366 2696 talis
387 2633 440 2696 vir
460 2634 652 2731 sanguinum
674 2632 796 2697 alienus
818 2643 875 2714 est,
897 2574 1001 2698 lestis
1024 2645 1080 2716 est,
1109 2658 1204 2721 quem
1226 2659 1296 2701 sen-

176 2740 231 2781 sus
253 2716 372 2782 doloris
394 2739 458 2781 non
480 2719 587 2800 tet1git
607 2719 641 2780 in
662 2718 831 2801 prostratis
852 2718 1014 2800 fratribus,
1042 2720 1133 2782 iuxta
1154 2720 1241 2805 quod
1262 2723 1297 2785 in

175 2801 258 2866 libro
286 2803 326 2866 de
355 2801 454 2887 lapsis
482 2801 594 2866 scribit
621 2811 750 2866 sanctus
774 2801 957 2888 Cyprianus
980 2803 1190 2888 episcopus²z
1225 2819 1298 2882 arsia

169 2903 284 2968 sanans,
300 2887 414 2972 lnquit,
433 2899 595 2952 dilectissimi
595 2901 709 2966 fratres,
715 2901 852 2967 fluctuans
861 2901 936 2952 uario
948 2902 1042 2954 mentm
1055 2901 1151 2954 aestu?
1167 2901 1239 2964 Quia
1249 2911 1298 2952 aut

175 2978 305 3042 quomodo
316 2976 422 3028 dicam‘.l
431 2974 563 3025 Lacrimis
569 2974 654 3041 magis
663 2974 836 3039 quamuerlis
843 2992 909 3040 opus
919 2985 957 3027 est
966 2977 1003 3026 acl
1012 2976 1213 3041 eaprimendum
1222 2977 1294 3028 aloto-

176 3067 241 3113 rem,
255 3068 307 3115 quo
320 3051 436 3116 corporis
447 3047 532 3099 nostri
543 3048 665 3114 deylendu
678 3054 715 3098 est
727 3049 820 3114 playa,
834 3067 885 3114 quo
894 3050 991 3116 populi
1003 3050 1150 3115 aliquando
1161 3049 1298 3101 numerosi

176 3123 315 3188 multiplea
328 3123 500 3174 lamentanda
513 3127 551 3172 est
562 3121 677 3172 iactura.
706 3120 771 3182 Quis
785 3123 854 3172 enim
867 3122 904 3174 sic
918 3123 1003 3174 durus
1017 3123 1172 3190 auferrem,
1185 3123 1244 3188 quis
1257 3122 1296 3174 sic

168 3199 313 3265 fraternae
326 3196 446 3248 caritatis
459 3195 562 3258 oblitus,
576 3195 623 3260 qui
634 3194 704 3246 inter
716 3212 825 3246 suorum
836 3195 1009 3262 multu‘ormes
1023 3197 1119 3248 ruinas
1135 3203 1159 3248 et
1172 3197 1295 3265 taynires

177 3289 209 3323 ac
227 3271 309 3322 multo
321 3273 445 3337 squalore
458 3270 588 3335 deformes
601 3267 729 3334 reliquias
748 3268 903 3320 constitutus
916 3271 996 3322 siccos
1010 3271 1098 3321 oculos
1112 3277 1198 3320 tenere
1212 3286 1293 3334 prae·

176 3345 274 3408 ualeat,
293 3362 342 3397 nec
354 3350 503 3409 erumpente
516 3341 606 3394 statim
616 3342 685 3408 fletu
700 3341 779 3406 prius
797 3342 908 3408 pemitus
928 3361 990 3394 suos
1006 3343 1122 3394 lacrimis
1142 3359 1221 3408 quam
1233 3360 1295 3394 voce

176 3417 335 3484 depromat?
362 3417 455 3481 Doleo,
467 3418 581 3485 fratres,
601 3415 675 3466 doleo
688 3414 829 3479 romaum,
848 3433 896 3467 nec
910 3415 975 3468 milii
994 3417 1031 3468 acl
1044 3415 1177 3467 leniendos
1192 3417 1295 3468 dolores

176 3509 246 3544 nicos
266 3491 403 3560 integritas
418 3490 533 3558 propria
552 3495 576 3540 et
591 3489 693 3539 sanitas
707 3488 820 3554 priuata
839 3489 985 3554 blanditur,
1004 3489 1112 3555 quando
1123 3490 1188 3556 plus
1199 3496 1296 3555 pastor

174 3565 205 3616 in
227 3566 314 3633 yreqis
337 3565 382 3616 sui
404 3565 513 3616 uulnere
538 3563 703 3614 vulneratur.
740 3561 804 3615 aaa
831 3562 943 3630 sinpulis
961 3571 1054 3629 pectus
1079 3579 1165 3614 meum
1192 3564 1294 3629 copulo,

175 3639 303 3691 moeroris
322 3649 346 3690 et
351 3638 462 3706 funeris
471 3637 596 3703 pondera
615 3637 735 3687 luctuosa
749 3635 892 3702 participo,
913 3655 971 3688 cum
985 3637 1174 3704 planqentibus
1182 3639 1294 3702 plango,

175 3729 236 3763 cum
261 3713 414 3780 deJtentibus
440 3711 529 3777 defleo,
554 3727 612 3762 cum
637 3708 783 3760 iacentibus
811 3709 897 3762 iacere
920 3728 960 3762 me
988 3712 1073 3764 eredo.
1112 3710 1213 3762 Iaculis
1241 3710 1294 3762 illis

174 3787 362 3854 praesentibus
380 3784 481 3836 inimici
499 3800 558 3834 mea
576 3782 657 3834 simul
673 3783 789 3833 membra
802 3800 934 3849 percussa
953 3793 1023 3849 sunt,
1047 3783 1191 3836 saeuientes
1208 3783 1295 3851 pladii

172 3876 225 3926 per
249 3877 308 3912 mea
333 3861 436 3912 uiscera
462 3856 634 3909 transierunt.
672 3855 796 3906 Inmunis
816 3874 847 3908 ac
870 3857 935 3909 liber
950 3859 1041 3924 fuisse
1067 3875 1084 3907 a
1102 3856 1294 3924 persecutionis

178 4038 206 4105 l)
225 4041 328 4093 Lucan.
348 4042 411 4103 VII,
432 4039 483 4092 788
500 4055 577 4106 sqq:

394 4114 542 4166 Haerentes
562 4110 666 4173 oculos,·
685 4110 769 4162 cernit
782 4111 915 4176 propulsa
934 4127 1027 4163 cruore

395 4187 523 4240 momina
542 4192 566 4238 et
585 4184 699 4236 encelsos
718 4183 830 4236 cumulis
850 4183 996 4250 aequantia
1014 4185 1091 4236 colles

396 4260 513 4327 Oorpora
534 4266 586 4312 etc.

176 4336 206 4399 2)
227 4335 354 4403 Cypriani
373 4337 462 4402 Opera
481 4353 507 4402 p.
529 4335 592 4384 239.

1023 4413 1061 4464 7*
