3116 4822
293 440 327 487 14
487 437 537 486 DE
557 433 716 486 UNITATE
736 431 941 483 achuslAn
962 431 1238 484 consulturum.

131 601 755 692 1111111.111111111111111111(1111111111
776 621 818 664 ex
833 597 960 664 Graeca
972 599 1142 663 locutione.
1171 601 1289 681 Deam,
1311 601 1414 686 inquit

294 685 470 774 apostolus,
491 689 605 767 timete,
627 707 734 770 repeat
756 683 977 764 doaorrflcate.
1010 681 1143 768 Alioqui
1164 693 1243 768 puta
1257 684 1353 748 etiam
1374 685 1415 748 de

295 774 367 858 ipso
389 771 491 857 princi
517 793 534 834 1
556 769 764 832 sacerdotum
782 788 820 830 eo
842 766 937 830 modo
961 767 1097 831 sensisse
1112 789 1231 852 regem,
1254 789 1317 852 quo
1338 767 1414 852 legi-

295 878 366 919 mus
389 855 466 920 scite
488 793 629 917 idcutum
651 852 750 915 fuisse
771 851 960 914 Domitium
973 860 1142 916 oratorem.
1189 851 1256 918 Gar
1277 875 1346 937 epo,
1367 853 1414 914 in-

297 940 375 1025 quit,
403 948 432 1000 te
459 939 591 1001 debeam
618 946 654 998 at
677 937 877 1018 principem,
908 959 980 999 eam
1006 945 1042 998 ta
1071 957 1119 1000 rae
1142 959 1208 1000 aaa
1235 936 1357 999 habeas
1379 944 1415 1000 at

133 1047 215 1090 11111.
226 1047 284 1100 urs.
295 1021 497 1087 senatorem?
531 1020 574 1084 Et
595 1020 754 1083 Dominus
783 1020 815 1081 in
838 1017 1020 1102 euangelio:
1055 1019 1183 1100 Ordaia,
1214 1043 1296 1104 qaae
1317 1017 1415 1083 valtis

295 1116 331 1172 at
339 1105 480 1191 faciant
495 1105 585 1168 vobis
600 1105 753 1182 domines,
777 1103 888 1166 eadem
910 1115 939 1164 et
958 1125 1014 1167 aaa
1025 1103 1135 1188 facite
1150 1104 1212 1186 its,
1234 1105 1313 1166 daec
1329 1105 1413 1168 caim

294 1191 348 1272 ait,
370 1189 422 1254 lece
444 1199 472 1253 et
521 1189 684 1272 replictae.
729 1185 794 1251 Sed
823 1207 920 1270 saepe
946 1185 1050 1250 dictus
1077 1208 1116 1250 ac
1142 1209 1238 1272 saepe
1260 1187 1415 1252 dicendus

293 1295 380 1360 papa
394 1211 587 1336 Hildedrant
608 1291 726 1416 replem,
750 1291 845 1366 quem
868 1269 981 1334 beatus
1003 1271 1117 1336 Petrus
1139 1270 1303 1357 apostolus
1325 1293 1416 1357 prae·

295 1358 374 1442 cipit
395 1357 615 1436 honorificare,
668 1375 732 1416 unc
760 1352 813 1417 dle
836 1353 961 1438 quaerit
991 1355 1037 1418 ita
1058 1353 1259 1436 inhonorare,
1282 1367 1318 1420 ut
1338 1355 1417 1420 velit

295 1463 416 1522 omnes,
438 1441 465 1503 si
492 1439 562 1502 fieri
583 1439 693 1522 possit,
716 1446 861 1501 avertere
882 1435 923 1500 ab
947 1439 1014 1502 eius
1038 1441 1271 1503 communione.
1310 1439 1416 1502 Huius

294 1525 342 1589 rei
362 1524 467 1608 gratia
488 1522 616 1606 scripsit
646 1521 725 1584 iliud
747 1541 876 1606 quoque
907 1520 1085 1606 capitulum
1110 1523 1152 1586 ad
1181 1523 1416 1586 confirmandos

295 1609 418 1672 animos
455 1607 594 1691 partium
631 1627 777 1686 suarum,
810 1603 861 1668 vel
901 1604 943 1668 ad
977 1604 1235 1690 multiplicandos
1271 1607 1416 1670 homines

297 1690 472 1756 earundem
499 1690 652 1774 partium,
678 1700 722 1770 ut,
746 1690 774 1752 si
795 1688 942 1774 pontifex
963 1688 1127 1753 Romanus
1157 1689 1254 1754 alicui
1276 1690 1415 1755 offensus

295 1775 391 1838 fuerit
419 1795 477 1859 pro
505 1771 630 1837 delictis
656 1775 740 1853 suis,
770 1773 868 1837 ceteri
896 1794 962 1837 non
991 1773 1129 1839 debeant
1160 1775 1190 1838 ei
1218 1795 1288 1838 esse
1320 1775 1417 1838 amici

296 1857 349 1922 vel
371 1880 444 1923 eum
468 1855 616 1943 alloquia

381 1943 410 2007 7.
454 1941 540 2006 Hinc
562 1942 659 2005 ducta
680 1951 727 2006 est
750 1941 904 2026 quaesti0,
931 1941 971 2004 de
998 1963 1062 2025 qua
1082 1941 1247 2028 hucusque
1270 1943 1419 2007 tractavi·

296 2048 378 2108 mus,
410 2025 530 2090 scilicet
558 2027 584 2088 si
616 2025 700 2087 iusta
725 2025 821 2088 fuerit
847 2023 927 2088 haec
956 2025 1088 2088 offensio
1115 2026 1201 2089 circa
1226 2048 1337 2110 regem
1363 2025 1416 2089 111

297 2111 396 2194 digna
416 2111 562 2174 Romano
591 2107 746 2192 pontifici,
772 2107 894 2169 vicario
925 2107 1027 2170 saneti
1048 2109 1145 2189 Petri,
1175 2109 1231 2192 qui
1258 2110 1375 2172 dieitur
1396 2129 1418 2171 a

297 2205 398 2280 petra,
428 2214 510 2277 quae
538 2200 586 2255 est
608 2189 764 2270 Christus,
795 2210 868 2252 cum
896 2188 931 2251 id
951 2199 1059 2252 actum
1083 2191 1124 2254 sit
1145 2213 1187 2254 ex
1208 2192 1418 2276 inscriptione

297 2275 431 2360 capituli
459 2273 553 2356 illius,
582 2284 618 2337 ut
644 2272 774 2358 plurimi
807 2273 1043 2357 episcoporum,
1077 2272 1275 2356 clericorum,
1308 2297 1418 2339 mona·

297 2359 430 2422 chorum
463 2367 494 2422 et
525 2357 681 2420 laicorum
714 2355 949 2440 suspenderunt
981 2378 1016 2420 se
1048 2377 1087 2420 ac
1117 2369 1369 2443 segregaverunt
1396 2383 1420 2424 a

298 2441 523 2507 communione
545 2441 643 2505 totius
663 2439 749 2504 orbis
765 2437 984 2522 ecclesiarum,
1007 2451 1164 2528 quotquot
1179 2445 1420 2508 communicant

296 2527 365 2611 regi
387 2526 586 2588 Francorum
614 2533 645 2588 et
672 2523 857 2622 imperatori
878 2523 1107 2606 Romanorum,
1136 2527 1182 2591 ita
1206 2536 1242 2590 ut
1264 2539 1419 2594 exeuntes

297 2632 318 2674 a
342 2608 445 2690 nobis,
471 2631 537 2673 non
568 2629 626 2672 nos
653 2607 694 2672 ab
721 2609 811 2694 1psis,
841 2617 1014 2672 vereantur
1041 2607 1135 2673 nobis
1162 2611 1277 2674 sociari
1303 2611 1354 2676 vel
1383 2613 1418 2675 in

297 2693 455 2780 colloquio
484 2691 536 2759 vel
563 2693 597 2756 in
626 2693 717 2778 pacis
749 2690 858 2756 osculo
884 2690 933 2755 111
957 2694 991 2756 in
1015 2695 1168 2758 orationis
1192 2695 1308 2760 studio.
1352 2696 1416 2761 Sed

297 2798 356 2863 pro
386 2777 546 2842 eiusmodi
575 2777 704 2843 scribit²
731 2785 874 2874 sanctus·
887 2797 973 2862 papa
1003 2778 1179 2863 Gregorius
1207 2780 1241 2842 in
1266 2777 1348 2842 libro
1375 2777 1417 2842 de

296 2861 449 2948 pastorali
472 2883 565 2924 eura:
588 2874 653 2926 01111
670 2883 762 2938 rector,
786 2860 945 2946 inqulens,
968 2893 994 2927 ae
1020 2877 1057 2928 ad
1082 2877 1241 2943 loquendam
1255 2885 1417 2943 praeparat,

296 2952 345 3002 aab
358 2959 458 3016 quanto
472 2952 590 3002 cautelae
603 2949 690 3000 stadio
704 2950 837 3014 loquatur,
857 2949 985 3012 attendat,
1002 2967 1044 3012 ae,
1061 2951 1084 3000 ai
1095 2951 1247 3001 inordinate
1261 2951 1297 3001 ad
1310 2951 1417 3016 loquea-

297 3025 361 3076 dam
379 3023 496 3090 rapitur,
516 3021 613 3074 erroris
631 3023 740 3074 ualuere
753 3021 918 3074 audientiam
938 3022 1021 3074 corda
1026 3022 1176 3089 feriantur,
1196 3033 1220 3074 et
1233 3024 1418 3088 aamfortasae

297 3103 405 3170 sapiens
424 3103 510 3156 sideri
525 3105 667 3166 desiderat,
687 3103 798 3156 unitatis
817 3121 965 3171 compapem
984 3103 1138 3170 inspienter
1151 3104 1298 3158 abscindat.
1329 3091 1417 3156 Ecce

296 3182 404 3236 autem
432 3173 532 3236 nostri
559 3172 715 3256 temporis
745 3171 922 3256 Gregorius
949 3193 1045 3256 papa,
1075 3173 1129 3256 qui
1157 3180 1188 3234 11
1214 3171 1417 3256 Hildebrant,

298 3278 372 3320 cum
394 3254 565 3342 aliquando
588 3278 623 3321 os
646 3277 740 3319 suum
763 3257 897 3341 aperuit,
921 3254 1088 3320 ecclesiam
1104 3253 1214 3318 divisit
1235 3264 1267 3318 et
1287 3267 1417 3340 praeter

297 3361 336 3405 ea
365 3361 447 3426 quae
476 3339 562 3404 dicta
590 3351 665 3404 sunt
686 3362 786 3426 supra
805 3339 1027 3424 propheticam
1054 3335 1170 3400 ollam³
1200 3337 1241 3402 ab
1266 3339 1415 3426 aquilone

296 3427 330 3488 in
357 3433 481 3489 tantum
508 3424 663 3506 accendit,
692 3435 729 3488 ut
754 3445 813 3508 per
840 3424 898 3486 hos
922 3421 1098 3484 1111111
1125 3421 1263 3507 amplius
1291 3436 1413 3491 annos⁴

296 3508 352 3573 ubi
376 3531 416 3571 ue
450 3509 515 3572 sint
545 3509 579 3570 in
611 3529 710 3592 regno
736 3507 873 3570 Romani
901 3505 1030 3589 imperii
1060 3503 1144 3569 bella
1172 3515 1204 3570 et
1231 3507 1414 3593 seditiones,

297 3531 505 3656 eceiisiarum
534 3601 566 3655 et
596 3591 863 3655 monasteriorum
891 3588 1041 3652 incendia
1065 3599 1097 3654 et
1118 3588 1360 3676 destructiones,
1382 3605 1415 3660 et

296 3684 333 3740 ut
351 3677 393 3738 sit
411 3676 582 3759 episcopus
603 3674 760 3738 adversus
775 3673 973 3758 episcopum,
996 3672 1098 3738 clerus
1113 3673 1267 3740 adversus
1283 3675 1414 3762 clerum,

296 3757 435 3845 populus
458 3758 613 3822 adversus
636 3757 800 3842 populum,
822 3759 920 3820 immo
949 3755 1033 3822 filius
1054 3758 1207 3824 adversus
1229 3769 1353 3845 patrem
1383 3773 1416 3828 et

320 3855 389 3907 ater
403 3842 555 3920 adversus
571 3841 672 3904 filium
687 3851 719 3904 et
733 3841 831 3905 frater
845 3839 1000 3906 adversus
1014 3842 1154 3909 fratrem.
1184 3843 1269 3906 Hinc
1284 3855 1413 3910 sanctus

296 3866 480 4012 Gyprianus
503 3925 674 4010 episcopus
697 3934 729 3989 11
743 3934 865 4010 martyr
877 3923 1020 4012 loquitur
1040 3928 1122 3992 inter
1135 3924 1197 3990 alia
1218 3925 1357 4011 plurima
1374 3929 1414 3992 de

297 4013 418 4075 unitate
437 4007 606 4074 ecciesiae:
627 4024 713 4086 Quem
732 4022 790 4089 sibi,
811 4011 959 4096 inquiens
970 4021 991 4092 ⁵,
1012 4043 1106 4093 pacem
1126 4025 1285 4092 promittant
1313 4025 1413 4079 inimici

299 4162 326 4230 1)
346 4164 493 4216 Hinschius
512 4163 530 4216 1.
551 4180 574 4215 c.
601 4181 627 4231 p.
648 4165 692 4214 36.
781 4165 808 4230 2)
829 4165 952 4233 Gregorii
971 4183 1053 4233 opera
1072 4166 1108 4228 ΙΙ,
1129 4182 1155 4231 p.
1171 4165 1213 4212 17.
1295 4159 1412 4229 311111-

298 4237 368 4289 111111
390 4239 413 4301 1,
433 4239 459 4287 4.
533 4237 561 4301 4)
587 4238 666 4289 Haec
690 4239 774 4289 verba
798 4255 823 4291 a.
845 4239 923 4290 1090.
950 4243 1051 4306 scripta
1074 4239 1127 4288 sint
1150 4250 1263 4287 neeesse
1284 4243 1332 4300 est,
1351 4254 1412 4288 oum

296 4311 369 4362 bella
388 4317 416 4364 et
433 4311 579 4364 seditiones
605 4329 630 4362 a.
653 4311 732 4364 1073.
757 4315 859 4364 moveri
883 4317 980 4380 coepta
1005 4314 1067 4364 sint.
1141 4309 1170 4376 5)
1190 4309 1348 4377 Cyprianus,
1372 4312 1413 4360 De

297 4387 400 4437 unitate
415 4385 523 4448 eccles,
543 4402 624 4452 opera
642 4386 694 4452 ΙΙΙ,
718 4389 740 4450 1,
760 4404 785 4452 p.
806 4387 868 4454 222,
890 4389 915 4438 2.
