3114 4814
248 367 254 373 -
306 342 356 392 DE
376 341 536 393 UNITATE
556 343 761 394 nccnnsltn
782 344 1055 396 consnssvmma,
1194 347 1244 396 139

119 515 266 568 Providerat
294 515 327 567 de
355 531 490 579 meruero,
519 522 550 566 ot
576 533 631 567 aon
660 515 712 568 rint
738 522 815 568 curta
843 517 904 582 ipio
929 515 1085 570 vestimenta
1111 521 1244 572 utentibus

120 603 183 662 eat,
202 597 250 649 sed
268 605 431 648 mensurata.
479 583 563 646 Nam
586 593 715 649 sanctus
741 585 944 668 Augustinus
967 587 1141 673 episcopus
1164 591 1243 653 scri-

109 665 170 730 bit
189 667 224 728 in
245 663 329 729 libro
353 665 393 730 de
416 665 512 731 beata
532 668 636 733 vita¹z
658 683 766 748 Modus,
786 668 946 754 inquiens,
973 685 1070 752 ubique
1093 688 1244 738 servandus

120 762 167 819 eat,
187 755 283 820 abique
303 755 446 820 amandas,
465 757 489 807 ai
507 757 580 809 cobis
599 757 675 810 cordi
694 765 731 808 est
752 758 788 808 ad
807 757 895 810 Deum
913 759 1024 810 reditas.
1057 759 1155 811 Modus
1175 761 1244 812 enim

121 827 206 880 animi
215 837 253 880 est
262 829 404 894 sapientia,
418 847 486 894 quae
500 839 524 882 et
536 831 590 882 Dei
603 838 640 882 est
649 829 791 896 sapientia,
802 831 832 882 id
842 837 880 882 cst
890 829 1023 892 aaran
1035 833 1083 898 qui
1096 833 1175 884 etiam
1185 851 1244 885 eum

121 909 220 962 veritos
236 910 277 973 sit,
297 905 403 976 aequal>
417 913 525 977 veritas,
545 899 660 984 inquit,
678 911 735 964 sine
750 913 827 964 nwdo
842 930 926 978 neque
945 914 1039 964 modas
1059 915 1115 966 aine
1134 917 1244 968 veritate

120 1001 240 1049 anquam
257 984 326 1049 suit,
352 991 376 1036 et
400 985 459 1037 ideo
478 1005 571 1039 oerum
596 1005 671 1040 omne
696 987 768 1053 quod
792 987 924 1052 loquimur
949 986 1002 1038 Dei
1026 1003 1081 1039 erse
1101 990 1242 1054 probator.

120 1050 216 1114 Unde
243 1061 276 1115 et
295 1051 457 1117 Dominus
488 1056 634 1119 excitans
663 1057 697 1118 in
723 1053 818 1117 nobis
840 1053 1047 1134 intellectum,
1069 1055 1125 1119 ubi
1146 1056 1242 1120 homo

7 1159 8 1162 ¹
119 1134 163 1198 ad
185 1136 360 1220 imaginem
382 1135 447 1201 Dei
473 1137 580 1203 factus
604 1148 667 1204 est:
699 1140 819 1220 Estote,
847 1138 961 1236 inquit,
981 1137 1136 1236 ,perfecti
1159 1143 1403 1222 cicumeuntes,

120 1219 223 1284 Pater
240 1229 341 1284 vester
357 1221 503 1286 caelestis
523 1223 688 1308 perfectae
709 1232 764 1287 eat.
800 1222 919 1288 Omma
938 1243 1023 1286 emm
1044 1223 1077 1286 in
1092 1229 1349 1289 mensura0f·⁵⁸1³·

119 1313 154 1366 et
175 1325 308 1368 numero
331 1314 363 1369 et
383 1305 525 1390 pondere
548 1309 671 1372 creavit
691 1306 790 1375 Deus.
836 1305 989 1392 Optimus
1011 1317 1060 1372 est
1080 1317 1187 1373 autem
1209 1310 1243 1372 in
1255 1293 1290 1340 ¹¹'
1300 1292 1335 1331 ²¹·

121 1388 211 1450 omni
239 1410 274 1451 re
302 1389 418 1452 modus
445 1401 478 1455 et
494 1389 679 1456 'laudabilis
703 1391 825 1476 ubique
847 1410 1015 1472 mensura3
1045 1407 1243 1458 tedintonus

120 1503 225 1554 qaoque
252 1487 332 1539 retas
360 1488 488 1555 quiequid
514 1491 622 1542 modum
650 1489 790 1541 excesserit
817 1488 910 1540 vitium
939 1497 985 1553 est,
1013 1473 1097 1538 sicut
1128 1473 1243 1538 Hiero·

119 1565 260 1638 nymus²
289 1555 344 1620 ait
387 1556 450 1620 Per
479 1556 744 1622 consuetudinem
778 1565 886 1620 autem
915 1565 951 1618 tu
991 1579 1009 1621 e
1039 1559 1147 1642 coepit
1178 1580 1244 1622 non

119 1637 235 1716 videri,
264 1640 351 1725 quod
380 1649 430 1704 est
456 1652 560 1728 turpe,
589 1643 666 1727 quia
686 1639 809 1704 recedit
836 1639 942 1725 pudor
986 1640 1148 1705 landiente
1170 1664 1244 1706 eon·

117 1721 301 1804 suetudine,
334 1723 408 1788 ideo
432 1747 473 1789 ue
500 1747 560 1810 pro
589 1723 763 1798 virtutibus
796 1723 957 1788 ducuntur
985 1747 1024 1790 ea
1056 1747 1138 1811 quae
1169 1737 1244 1791 sunt

117 1807 246 1889 vitiosa,
275 1817 307 1872 et
335 1830 395 1893 pro
448 1817 590 1874 onestate
618 1831 701 1895 quae
729 1816 803 1872 sunt
829 1807 1006 1890 inhonesta,
1029 1831 1112 1894 quae
1135 1811 1244 1874 omnia

116 1900 308 1976 peccatores
345 1900 377 1956 et
411 1901 577 1978 apostatae
617 1891 723 1977 angeli
759 1893 825 1956 suis
862 1891 986 1956 artibus
1020 1891 1242 1977 prodiderunt,

117 1975 250 2061 quando
279 1975 323 2042 ad
351 1985 478 2041 terrena
508 1978 659 2062 contagia
679 1975 825 2040 devoluti
847 1995 867 2038 a
888 1973 1019 2040 caelesti
1040 1977 1116 2062 iugo
1139 2000 1243 2042 reces-

119 2068 240 2123 serunt.
284 2059 373 2146 Ergo
400 2058 556 2146 templum
584 2075 616 2127 et
643 2059 744 2126 altare
773 2071 806 2124 et
831 2059 1001 2125 adorantes
1030 2061 1064 2124 in
1094 2083 1132 2124 eo
1154 2084 1242 2126 men-

119 2154 278 2226 surantur,
308 2144 394 2208 sicut
419 2145 453 2208 in
477 2143 560 2210 libro
583 2144 800 2230 Apocalypsis
821 2142 955 2228 legitur3
985 2145 1103 2208 atrium
1124 2155 1242 2229 autem,
1253 2136 1344 2239 ᾗῇ

143 2227 207 2292 uod
229 2227 307 2292 foris
327 2227 485 2314 templum
507 2239 565 2311 est,
587 2231 650 2295 eici
670 2229 756 2294 foras
778 2227 916 2309 iubetur,
937 2237 1059 2291 utnon
1081 2231 1243 2295 metiatur·
1283 2225 1289 2250 '
1314 2226 1320 2239 '
1347 2229 1352 2240 '

119 2250 272 2378 latitudo
295 2313 417 2398 quippe
434 2315 617 2460 praesentis
639 2316 724 2378 vitae
742 2335 803 2411 per
824 2313 941 2376 atrium
964 2312 1175 2397 significatur,
1197 2324 1243 2378 at-

120 2419 183 2482 que
210 2395 284 2460 ideo
312 2397 432 2460 metien
458 2399 468 2460 i
497 2419 562 2462 non
592 2407 667 2462 sunt
695 2418 752 2481 qm
778 2397 856 2460 foris
885 2395 1040 2481 templum
1075 2408 1158 2478 sunt,
1186 2399 1243 2484 qui

119 2503 180 2567 per
200 2482 318 2546 atrium
341 2481 560 2566 designantur,
582 2486 659 2566 quia
679 2489 819 2564 angusta
839 2490 933 2565 porta
955 2492 1012 2562 est,
1041 2503 1123 2566 quae
1153 2483 1243 2546 ducit

118 2565 288 2646 advitam,
310 2573 343 2629 et
363 2565 498 2630 latitudo
520 2568 606 2630 vitae
628 2585 802 2652 pravorum
824 2586 889 2628 non
903 2563 1084 2628 admittitur
1097 2565 1139 2628 ad
1155 2589 1242 2631 men-

119 2671 211 2713 suras
233 2660 266 2714 et
286 2648 414 2734 regulas
437 2649 621 2714 electorum.
665 2647 761 2714 Unde
782 2649 879 2712 etiam
900 2649 1068 2732 praecepit
1089 2650 1124 2711 in
1145 2671 1241 2712 euan-

117 2731 204 2818 gelio
225 2733 397 2814 Dominus,
421 2735 610 2798 constitutos
638 2733 673 2796 in
701 2753 780 2818 agro
810 2741 841 2796 et
869 2733 1055 2816 operatione
1084 2733 1240 2796 virtutum
1251 2734 1331 2776 istil·

118 2840 184 2882 non
212 2819 331 2882 reverti
356 2827 442 2883 retro
467 2817 519 2883 vel
545 2815 668 2904 aliquid
697 2815 737 2880 de
765 2813 861 2879 domo
888 2815 1043 2913 pristinae
1072 2793 1333 2880 conversa-²4⁸&

116 2902 213 2967 tionis
240 2901 359 2984 tollere,
389 2912 421 2968 et
448 2925 489 2966 ne
516 2901 650 2966 alteram
680 2899 810 3050 (guidem
834 2909 977 2964 tumeam
999 2899 1120 2982 tollere,
1143 2923 1241 2988 quam

117 2986 257 3072 apostoli
277 2985 491 3086 prohibentur
510 2985 639 3051 habere.
709 2982 750 3052 ed
772 2985 850 3070 quia
871 2984 1021 3048 ociositas
1041 2985 1172 3048 inimica
1193 2995 1242 3051 est
1250 2989 1332 3092 '11⁰⁸‘ssss

117 3071 255 3153 animae,
276 3070 350 3135 1deo
372 3082 505 3157 propter
527 3093 626 3156 opera
652 3079 777 3134 tantum
803 3068 966 3133 constituit
988 3079 1116 3134 sanctus
1139 3069 1242 3135 Bene·
1283 3078 1289 3102 ’
1329 3079 1333 3091 ‘

118 3154 225 3218 dictus
254 3153 388 3219 alteram
415 3154 586 3237 cucullam,
616 3176 699 3240 quae
729 3153 848 3218 dicitur
876 3152 1054 3238 scapulare,
1084 3175 1122 3219 eo
1153 3153 1241 3240 quod

117 3237 277 3304 eiusmodi
302 3239 402 3302 vestis
431 3250 508 3324 apta
539 3240 583 3304 sit
611 3249 711 3325 eaput
738 3246 864 3302 tantum
893 3246 925 3301 et
951 3236 1100 3324 scapulas
1120 3249 1240 3322 tegere.

118 3323 175 3387 Sic
197 3321 282 3385 enim
304 3321 416 3386 scribit
437 3332 470 3387 et
491 3323 587 3388 docet
606 3322 720 3389 beatus
742 3320 904 3386 Basilius³
932 3321 965 3384 in
986 3321 1098 3406 regula
1119 3343 1179 3386 sua
1200 3319 1240 3387 de

115 3405 318 3470 institutione
333 3406 579 3472 monachorum:
600 3423 641 3475 Re
658 3439 732 3486 vera,
750 3406 910 3490 inquiens,
931 3419 1111 3472 neeessariam
1126 3420 1239 3484 videtur,

31 3509 34 3513 ’
117 3513 187 3562 eam,
206 3493 254 3562 qai
271 3512 400 3548 manaem
413 3513 490 3562 opere
509 3497 550 3548 ati
566 3496 597 3547 in
616 3497 706 3562 aliquo
724 3496 807 3558 debet,
827 3494 977 3559 expedition
998 3511 1053 3544 ease
1072 3502 1096 3544 et
1114 3493 1145 3544 io
1157 3493 1239 3546 omoi-

118 3571 167 3620 baa
181 3575 379 3636 praeparatam
399 3586 430 3620 ae
448 3567 506 3622 sine
524 3571 579 3622 ullo
598 3569 781 3635 impedimento
800 3567 916 3619 inveniri
935 3567 972 3618 ad
985 3583 1060 3618 omne
1073 3567 1135 3618 bont
1152 3567 1240 3634 operia

116 3652 298 3704 ministerum.
339 3635 488 3700 Vidimus
515 3657 574 3701 nos
600 3636 774 3723 aliquando
795 3645 920 3701 vestem
943 3632 1145 3717 cucullatam,
1168 3657 1240 3721 per-

117 3797 141 3850 a)
158 3799 193 3838 eis
209 3799 288 3840 Beata.
348 3797 372 3851 b)
389 3800 469 3848 sieque
486 3800 513 3849 13
529 3797 647 3838 detoratur
663 3798 790 3838 emendavit.

117 3928 147 3995 1)
172 3929 317 3996 Augustini
342 3931 433 3999 Opera
458 3932 480 3995 1,
506 3948 533 3998 p.
554 3931 616 3980 311.
642 3929 706 3980 312.
790 3929 817 3994 2)
844 3930 1003 3994 Hieronymi
1030 3927 1182 3980 comment.
1211 3928 1240 3978 in

115 4003 226 4054 Esaiam
246 4004 264 4056 1.
283 4005 334 4066 IX,
359 4022 384 4057 c.
403 4007 453 4069 303
483 4006 574 4072 Opera
599 4004 648 4066 IV,
674 4021 700 4070 p.
720 4002 783 4054 411.
858 4004 887 4065 3)
908 4003 936 4056 S.
956 4001 1053 4053 Basilii
1072 4003 1149 4066 Reg,
1169 4016 1239 4066 resp.

115 4076 160 4140 23,
180 4078 272 4143 Opera
285 4078 323 4142 II,
343 4097 370 4145 p.
385 4079 448 4129 368.
462 4079 525 4135 369.
555 4077 597 4130 Oi.
617 4075 803 4128 Halmsdiirier
822 4076 840 4128 l.
856 4093 880 4126 c.
900 4093 927 4142 p.
938 4074 1056 4124 85-90.
1086 4075 1128 4124 De
1142 4075 1241 4124 vestitu

114 4152 306 4202 monachorum
327 4153 361 4204 cf.
375 4153 515 4216 Mabillon,
535 4151 591 4203 Aa,
606 4151 655 4202 SS.
676 4165 749 4201 saec.
770 4149 817 4213 lv,
832 4149 858 4210 2,
878 4149 964 4214 praef.
984 4166 1010 4214 p.
1022 4147 1066 4196 71.
1084 4152 1111 4196 et
1124 4163 1197 4197 saec.
1207 4147 1240 4209 V,

113 4223 199 4289 praef.
218 4242 245 4291 p.
261 4227 310 4290 ³03
331 4226 453 4286 Gerbert,
472 4227 593 4277 Historia
605 4225 707 4291 Nigrae
721 4221 812 4274 Silvae
831 4223 855 4287 Ι,
875 4240 901 4290 p.
916 4222 985 4284 340;
1004 4220 1131 4282 Haeften,
1151 4221 1240 4271 Bene·

115 4297 203 4350 dictus
222 4298 379 4360 illustratus,
402 4300 540 4368 Antwsrp.
560 4299 641 4352 1644.
