3116 4822
188 2889 190 2894 ¹
287 2821 334 2905 (7.
349 2822 447 2885 Mart.
468 2823 508 2886 10

281 381 378 434 XVIII
738 379 953 432 PRAEFATIO.

304 573 350 614 ua
380 550 419 614 de
448 570 553 613 causa
581 551 670 634 repis
691 557 719 613 et
736 551 931 635 principum
953 549 1144 616 decerneret.
1191 547 1271 615 Cum
1294 559 1400 614 autem

283 573 433 699 Gauones
454 641 637 713 metuerent,
659 655 699 698 ne
720 635 758 696 in
780 633 836 698 illa
852 643 1010 698 conuentu
1032 633 1172 698 consilia
1193 643 1400 717 caperentur,

283 717 401 804 quibus
430 738 505 801 opes
527 717 667 782 Henrici
694 719 833 781 nimium
860 727 1046 800 crescerent,
1068 740 1168 802 papa
1195 726 1325 782 coactus
1355 728 1401 782 est

284 810 404 866 conatu
425 823 484 864 suo
508 802 669 865 desistere.
712 801 827 887 Itaque
849 803 888 866 cle
908 804 1036 888 intepro
1060 805 1147 866 inter
1168 802 1349 866 Henriaum
1370 811 1400 866 et

285 885 435 950 Sauancs
463 885 577 949 bellum
604 893 749 951 etcertum
778 895 807 950 et
834 888 997 970 utrimque
1023 885 1069 950 ad
1091 909 1185 950 arma
1207 907 1400 950 concursum

283 979 339 1034 est.
382 969 484 1035 Breui
506 978 611 1034 autem
635 967 795 1050 Santones,
823 969 926 1034 dubia
942 970 1092 1054 fortuna
1119 970 1192 1034 belli
1209 969 1398 1055 populatio·

283 1076 362 1118 num
385 1053 481 1139 pleni
503 1053 632 1212 dgessi,
655 1054 694 1118 cle
715 1055 815 1139 pacis
842 1055 1084 1119 conditionibus
1113 1078 1186 1120 cum
1207 1077 1281 1140 repe
1303 1075 1401 1139 apere

283 1147 466 1222 caeperunt.
554 1161 616 1202 uae
646 1160 719 1223 pan
751 1138 839 1224 qscod
873 1140 1052 1222 composita
1088 1148 1167 1204 esset
1222 1160 1399 1224 numquam

277 1244 378 1308 papa
412 1244 509 1308 aeprc
542 1222 625 1303 tulit,
659 1223 853 1309 animusque
885 1225 955 1286 eius
986 1223 1061 1288 odia
1096 1162 1333 1288 incendebatur
1362 1224 1402 1286 in

283 1328 399 1392 repens,
427 1328 462 1370 eo
513 1307 578 1371 aad
606 1307 707 1392 lepati
735 1308 772 1370 in
801 1308 924 1407 spnada
947 1308 1016 1390 (11.
1038 1307 1130 1372 Febr.
1155 1307 1254 1387 1079)
1278 1307 1317 1370 de
1346 1308 1398 1371 in-

283 1392 382 1456 iuriis
404 1329 633 1474 queribantur,
657 1413 740 1477 qnae
760 1392 876 1455 amicis
889 1413 1001 1475 papae
1022 1393 1059 1455 in
1076 1389 1257 1455 Germania
1279 1388 1402 1453 allatae
1434 1411 1439 1420 ⁴

284 1484 396 1554 essent,
429 1483 457 1538 et
489 1497 687 1560 quamquam
719 1484 797 1539 tuna
825 1477 978 1560 temporis
1006 1475 1157 1539 noluntas
1187 1498 1227 1540 aa
1254 1474 1400 1539 studium

283 1559 354 1622 eius
376 1558 422 1621 ad
436 1559 618 1644 liudolfum
639 1581 747 1644 repam
768 1559 960 1638 inclinabat,
982 1569 1088 1624 tamen
1109 1581 1177 1624 nan
1192 1559 1313 1623 destitit
1327 1580 1400 1623 cum

202 1647 213 1672 ²
284 1643 428 1707 Henrico
463 1665 559 1730 apere
592 1643 631 1708 de
664 1653 823 1708 conventu
854 1645 891 1707 in
929 1641 1109 1708 Germania
1143 1643 1308 1725 babenda;
1342 1665 1401 1706 nec

284 1727 419 1790 dubium
446 1736 501 1808 est,
529 1729 619 1813 quin,
648 1730 679 1792 si
706 1738 839 1814 uterque
861 1749 922 1791 rese
943 1729 1079 1792 decretis
1100 1727 1191 1794 illius
1212 1725 1346 1792 concilii
1367 1748 1400 1790 se

283 1811 514 1890 subinnuisset‚
539 1834 589 1896 pa
615 1835 637 1876 a
666 1820 765 1877 totam
788 1811 1003 1877 Germaniam
1030 1815 1068 1876 in
1097 1814 1163 1878 duo
1185 1834 1291 1899 repna
1314 1811 1398 1877 diui-

284 1917 383 1958 surus
407 1894 525 1982 fuerit.
597 1919 651 1961 um
684 1907 791 1961 autem
824 1899 921 1961 etiam
953 1899 983 1961 is
1016 1906 1199 1978 conuentus,
1237 1917 1330 1981 quem
1362 1896 1400 1960 in

284 1980 407 2064 oppido
435 1979 620 2067 Wireiburp
646 1983 705 2066 aqi
727 2003 828 2066 papa
856 1981 1012 2063 uoluerat,
1039 1981 1085 2045 ad
1105 1983 1239 2046 irritum
1261 1980 1400 2058 caderet,

283 2064 321 2128 id
360 2064 448 2148 quod
492 2064 594 2151 lopati
629 2088 745 2150 papae
791 2065 879 2129 alius
923 2068 1003 2130 uitia
1044 2067 1133 2150 repis
1173 2063 1262 2128 alius
1301 2063 1400 2146 csclpa

284 2146 457 2212 Sarranum
474 2149 609 2234 factum
636 2172 702 2213 esse
726 2149 889 2230 dicebant,
910 2171 1010 2234 papa
1031 2147 1200 2228 intellexit,
1229 2149 1260 2210 si
1281 2169 1320 2212 ea
1342 2148 1398 2210 uia

283 2231 449 2296 insidiosa
477 2243 506 2296 et
536 2235 677 2318 ancipiti
699 2243 858 2320 perperat,
888 2255 921 2296 se
948 2235 1039 2297 amni
1068 2233 1273 2312 auctoritate,
1301 2253 1401 2317 quam

285 2317 378 2400 apud
394 2314 576 2381 Germanas
597 2339 695 2403 usque
715 2327 793 2382 tunc
815 2317 990 2398 habuisset,
1012 2317 1196 2380 destitutum
1208 2315 1298 2401 fare.
1332 2313 1400 2378 Ita-

285 2423 345 2486 que
369 2423 458 2482 cum,
486 2425 562 2487 repe
590 2402 734 2467 Henrica
761 2403 854 2487 apud
880 2399 1090 2466 Flarcbbeim
1122 2402 1221 2480 uicta,
1248 2398 1400 2464 Sananes

280 2507 397 2570 papae
418 2487 550 2570 eiusque
572 2485 682 2551 dolosa
700 2489 778 2550 anci
802 2489 904 2570 itique
926 2486 1020 2551 modo
1040 2486 1164 2571 apendi
1181 2506 1288 2548 amnes
1309 2485 1401 2548 mise·

284 2570 356 2632 rias
379 2567 451 2632 belli
472 2579 501 2632 et
522 2570 708 2635 discordiae
729 2510 916 2652 tribuerent,
938 2570 992 2635 ille
1014 2579 1145 2636 coactus
1168 2569 1294 2634 autad
1314 2569 1402 2654 repis

287 2662 345 2716 aut
360 2653 405 2717 ad
416 2652 589 2720 Sarranum
600 2678 736 2721 causam
751 2677 783 2718 se
796 2655 979 2740 applicare,
985 2678 1053 2742 pra
1069 2678 1179 2720 rerum
1190 2663 1277 2718 statu
1283 2662 1402 2736 partes

286 2735 459 2802 Sanonum
480 2761 512 2802 se
534 2741 571 2804 ui
593 2741 741 2804 decrevit.
793 2737 863 2814 Quo
877 2740 985 2822 facta,
1012 2741 1051 2804 de
1072 2741 1199 2823 intepro
1222 2737 1402 2800 Heariaum

509 2760 567 2905 GO)
588 2825 884 2904 anathematizavit,
904 2824 998 2888 cuius
1025 2822 1242 2886 anathematis
1267 2821 1401 2883 initium

286 2915 408 2990 spectat
418 2904 990 3008 illudquod21.Febr.10·763dicturn
1001 2915 1099 2969 erat1.
1124 2903 1196 2968 Iam
1209 2902 1401 3050 annp107b.

282 2998 1403 3157 ttttttttttttl‘ttttttttttllbtltlttltttttt

282 3159 400 3243 princi
424 3182 457 3224 es
467 3160 530 3224 sibi
540 3159 725 3224 cannliare.
746 3159 987 3245 Etcantipitei,
1002 3157 1089 3244 quod
1101 3165 1280 3240 optauerat.
1301 3155 1401 3235 Nam,

288 3266 359 3306 cum
407 3266 530 3309 anonas
552 3245 717 3326 audirent,
738 3266 773 3307 re
798 3267 845 3308 em
867 3243 971 3307 denua
994 3241 1303 3306 anathematizatum
1325 3261 1403 3320 esse,

286 3330 427 3392 manime
449 3329 728 3413 permovebantur.
772 3267 844 3391 bam
867 3328 913 3391 ad
935 3325 1018 3390 alias
1042 3325 1106 3390 Gre
1130 3326 1223 3390 arius
1244 3327 1315 3410 ipse
1337 3327 1403 3408 epi·

287 3411 392 3476 stulas
409 3413 506 3494 dedit,
526 3421 555 3476 et
570 3437 591 3476 a
606 3437 621 3477 s
645 3413 731 3478 nacla
746 3413 874 3476 nuntiis
889 3413 999 3475 missis
1012 3411 1058 3476 ad
1074 3347 1218 3474 Uibonem
1231 3411 1402 3474 Treueren·

289 3518 362 3577 sem,
376 3497 606 3562 Theodericum
621 3437 862 3576 lundunensem,
886 3496 1125 3560 Herimannum
1147 3494 1329 3576 Metensem,
1351 3515 1405 3558 eos

284 3590 442 3664 precatus
463 3591 518 3663 est,
540 3592 576 3645 ut
596 3581 742 3645 redirent
761 3583 799 3645 in
821 3578 1017 3645 ecclesiam.
1055 3580 1146 3643 Tunc
1166 3577 1404 3658 Herimannus,

290 3665 411 3749 quippe
434 3668 492 3751 qui
507 3667 575 3729 iam
596 3665 791 3730 Warmatiae
810 3663 878 3748 (24.
894 3665 968 3727 Ian.
986 3663 1086 3745 1076)
1109 3665 1210 3728 annia
1225 3664 1404 3726 dubitasset

289 3749 321 3812 ei
334 3749 457 3814 decreta
472 3752 636 3831 assentiri,
658 3772 720 3836 qua
736 3748 985 3814 Hildebrandus
1001 3751 1112 3814 iussus
1127 3755 1199 3812 erat
1207 3746 1403 3830 pontificatu

290 3853 323 3896 se
343 3833 499 3898 abdicare
507 3843 530 3914 ⁸,
546 3833 662 3899 litteris
678 3835 828 3919 acceptis,
842 3833 1074 3918 infestissimus
1089 3833 1176 3919 repis
1192 3831 1404 3894 aduersarius

290 3918 421 3981 sustitit.
461 3918 549 3982 Aliis
575 3920 737 4003 episcopis
759 3917 957 3982 Germaniae
982 3920 1067 3984 diem
1088 3915 1294 3982 uinculorum
1314 3913 1406 3978 Petri

291 4003 338 4086 (1.
361 4001 415 4066 Au
440 4006 466 4084 .)
498 4005 665 4067 constituit
695 4001 886 4088 Greparius,
915 4025 1017 4087 usque
1046 4002 1214 4084 adquam
1241 3995 1331 4060 uellet
1351 3998 1405 4062 illi

290 4087 353 4152 sibi
390 4026 617 4174 adiunperent.
667 4086 734 4152 Sed
766 4111 838 4152 aum
874 4109 940 4152 nan
974 4087 1121 4152 amnibus
1147 4091 1261 4232 posset
1292 4083 1403 4145 iniun-

289 4193 365 4256 gere
394 4173 576 4236 seruitutem
605 4182 634 4236 et
661 4171 904 4254 oboedientiam,
937 4169 1108 4258 epistulam
1134 4171 1148 4232 i
1173 4189 1226 4230 am
1251 4167 1405 4251 scripsit:

293 4347 318 4412 1)
344 4343 415 4398 Jaffi
434 4347 472 4411 11,
490 4363 517 4413 p.
536 4345 599 4397 ³98.
621 4345 683 4398 222.
758 4346 789 4412 2)
814 4345 885 4397 Ibid.
904 4362 931 4413 p.
952 4345 1015 4396 226.
1090 4344 1118 4409 3)
1139 4343 1209 4396 Ibid.
1230 4359 1258 4410 ps
1277 4343 1340 4395 453.
