3114 4814
306 377 324 426 4
599 374 719 424 BRUNO
740 374 789 424 DE
808 373 927 424 BELLO
949 371 1136 424 SAXONICO.

307 552 395 608 tum⁸
424 564 466 607 ex
494 540 724 606 consuetudine
745 562 804 604 sua
824 550 997 605 venustum
1018 542 1145 628 ipsique
1168 544 1238 627 regi
1260 539 1431 606 comeden-

307 626 385 690 dum
413 648 543 691 mensae
571 626 657 710 regis
685 625 902 710 imponeretl3
932 625 989 690 sed
1017 635 1168 690 necerat
1195 627 1334 712 pretinm
1363 647 1429 711 quo

308 710 417 775 cibum
443 719 562 775 emeret
590 709 775 794 pretiosum,
827 709 881 772 uia
901 710 936 772 in
958 709 1093 773 similem
1115 731 1210 773 usum
1231 719 1332 774 totum
1355 731 1430 773 con-

309 804 489 892 sumpserat
516 815 553 856 ar
576 801 693 858 entnm.
738 731 834 872 Quod
862 814 936 856 cum
965 795 1137 878 episcopus
1166 816 1231 857 non
1255 795 1429 878 ignoraret,

309 877 361 942 die
387 877 442 941 1lla
471 815 626 958 latitalrat,
655 899 695 939 ne
717 897 792 940 eum
814 876 939 962 dapifer
960 877 1102 942 invenire
1124 879 1289 962 potuisset,
1319 877 1429 942 volens

308 973 344 1028 ut
364 961 417 1026 ille
438 984 497 1047 per
518 982 610 1024 suam
631 959 820 1024 industriam
843 959 987 1046 quolibet
1003 960 1099 1025 modo
1114 985 1172 1046 per
1194 963 1320 1042 uireret,
1343 961 1431 1047 quod

308 1045 351 1113 ad
380 1067 523 1110 mensam
556 1044 618 1109 sibi
651 1043 800 1108 decenter
832 1055 1017 1130 apponeret.
1073 1045 1139 1108 Sed
1170 983 1223 1108 dle
1255 1055 1429 1131 postquam

191 1141 225 1194 *a
246 1123 475 1194 asndominum
497 1151 590 1193 suum
615 1127 671 1191 diu
701 1128 880 1213 quaesitum
908 1129 1055 1192 *tandem
1076 1131 1110 1191 in
1133 1127 1256 1214 capella
1278 1127 1427 1214 quadam,

310 1235 374 1312 quo
397 1214 594 1297 confugerat,
617 1234 687 1276 esse
709 1213 868 1296 cognovit,
890 1211 932 1276 ad
953 1211 1093 1276 hostium
1110 1212 1252 1299 capellae
1267 1212 1428 1277 confiden-

308 1307 374 1362 tius
402 1295 544 1384 pulsans,
573 1319 607 1360 se
627 1296 796 1359 intromitti
818 1295 1001 1381 postulavit
1047 1296 1147 1362 Cuius
1169 1319 1283 1362 vocem
1305 1307 1341 1361 ut
1362 1298 1428 1382 epi-

309 1403 429 1466 scopus
461 1380 608 1464 agnovit,
642 1379 747 1443 subito
781 1403 815 1444 se
847 1381 881 1442 in
909 1389 1027 1444 terram
1061 1382 1153 1466 qnasi
1186 1382 1219 1444 in
1252 1381 1428 1444 orationem

308 1467 493 1550 prostravit.
528 1461 586 1526 Ille
607 1464 780 1546 ingressus,
803 1472 838 1526 ut
860 1486 933 1528 eum
947 1465 1102 1528 iacentem
1118 1467 1293 1549 conspexit,
1309 1475 1341 1529 et
1355 1487 1429 1528 eum

309 1570 369 1613 nec
389 1549 470 1612 tussi
491 1568 550 1610 neo
572 1555 698 1610 screatu
719 1547 841 1632 erigere
863 1550 977 1633 potuit,
1007 1548 1137 1612 tandem
1159 1571 1227 1612 sese
1250 1549 1341 1612 iuxta
1362 1549 1429 1634 epi-

310 1653 445 1716 scopum
473 1629 563 1695 velut
591 1628 686 1693 simul
714 1642 860 1694 oraturus
887 1632 1041 1713 extendit,
1072 1641 1103 1696 et
1130 1633 1159 1695 ei
1188 1633 1223 1695 in
1251 1631 1428 1696 auriculam

309 1715 459 1815 loquens:
483 1715 611 1794 ‘Orate’,
635 1713 726 1791 dixit,
751 1720 796 1777 ‘ut
817 1715 909 1780 vobis
924 1715 1019 1779 hodie
1040 1717 1081 1778 sit
1103 1715 1190 1802 quod
1213 1716 1428 1796 manducetis3

310 1822 387 1886 qma
407 1799 548 1863 nondum
564 1799 747 1884 quicquam,
769 1799 855 1883 quod
870 1798 1002 1863 honeste
1018 1823 1115 1886 super
1129 1821 1273 1864 mensam
1288 1808 1430 1864 vestram

309 1893 457 1970 ponatur,
479 1881 622 1947 habetis'.
660 1881 780 1966 Episco
805 1904 843 1946 us
864 1881 953 1947 velut
974 1883 1016 1947 ab
1039 1887 1142 1947 extasi
1163 1894 1294 1969 repente
1317 1905 1430 1968 exper-

333 1968 470 2032 efactus:
498 1966 614 2048 Quid,
642 1967 696 2047 ait,
718 1904 921 2049 ‘atullissimq
944 1967 1055 2046 fecisti,
1078 1968 1134 2052 qui
1156 1990 1207 2031 me
1229 1989 1249 2030 a
1270 1965 1429 2052 colloquio

345 2054 375 2116 ei
406 2053 592 2116 temerarius
625 2049 807 2114 abstulisti?
850 2051 896 2130 si,
931 2050 1016 2136 quod
1048 2051 1146 2114 frater
1168 2051 1429 2114 'fransmandusc

309 2135 419 2200 videre
441 2136 567 2214 meruit,
589 2145 626 2198 tu
645 2133 790 2214 vidisses,
813 2157 989 2219 numquam
1011 2135 1110 2198 michi
1132 2137 1236 2220 posito
1259 2137 1293 2198 in
1315 2136 1429 2199 oratio-

308 2218 407 2283 nibus
433 2220 747 2317 appropinquasses.
798 2216 855 2281 Ille
883 2228 990 2282 autem
1019 2219 1054 2281 in
1102 2240 1230 2283 raesens
1251 2219 1375 2299 aderat,
1399 2227 1431 2283 et
1516 2244 1519 2248 ·

311 2303 388 2388 quia
408 2301 485 2365 talra
506 2301 637 2366 videbat
658 2301 810 2385 episcopo
833 2299 971 2386 placere,
994 2241 1125 2386 angellis
1148 2325 1220 2366 cum
1243 2325 1281 2366 eo
1298 2301 1429 2388 loquen-

310 2396 359 2450 tes
389 2387 423 2448 in
451 2387 594 2448 oratione
617 2405 650 2446 se
672 2385 737 2448 iam
759 2385 881 2449 dudum
903 2385 1030 2451 dixerat
1050 2387 1178 2450 vidisse.
1222 2387 1302 2450 Erat
1322 2395 1431 2450 autern
1494 2399 1510 2422 ·

311 2469 381 2555 ipse
404 2471 508 2555 pictor
529 2471 570 2534 ab
593 2467 695 2532 Italia.

395 2556 425 2617 5.
461 2553 527 2616 Hic
548 2556 559 2617 i
582 2553 646 2616 itur
661 2553 831 2640 episcopus
846 2554 902 2618 ubi
917 2576 1026 2638 regern
1040 2552 1129 2618 velut
1143 2555 1297 2618 infrenem
1313 2575 1431 2638 equum

311 2660 369 2723 per
390 2637 529 2723 abrupta
550 2576 745 2721 degitiorum
766 2650 858 2702 ruere
879 2637 970 2719 vidit,
993 2639 1060 2701 eius
1079 2661 1113 2702 se
1128 2635 1218 2702 lateri
1233 2637 1431 2702 familiariter

310 2721 485 2808 adiungere
513 2721 687 2807 quaesivit3
714 2742 779 2784 non
808 2732 842 2785 ut
870 2723 1022 2785 vitiorum
1049 2725 1169 2806 spinas,
1198 2743 1279 2807 quae
1305 2722 1431 2786 fuerant

311 2815 408 2887 ortae,
431 2827 529 2868 manu
552 2827 682 2870 severae
696 2806 893 2869 auctoritatis
909 2805 1061 2869 radicitus
1077 2815 1210 2886 erueret,
1233 2815 1264 2868 et
1278 2806 1431 2870 virtutum

311 2891 434 2952 semina
463 2887 639 2974 episcopali
667 2888 903 2974 praedicatione
931 2887 1106 2974 plantaret,
1135 2888 1192 2952 sed
1221 2896 1257 2952 ut
1285 2891 1431 2973 germina

311 2973 464 3036 vitiorum
486 2971 678 3036 adulationis
699 2994 785 3058 aqua
805 2973 933 3056 rigaret,
958 2983 990 3036 et
1012 2974 1039 3036 si
1054 2995 1136 3058 quae
1151 2973 1307 3036 virtutum
1321 2973 1431 3058 fruges

312 3066 520 3142 emergerent,
542 3054 754 3120 amaritudine
776 3057 921 3141 perversi
943 3057 1103 3141 dogmatis
1126 3067 1280 3120 enecaret.
1317 3056 1366 3120 Ne
1389 3079 1430 3120 ue

312 3140 398 3202 enim
414 3148 537 3204 utente
561 3140 654 3202 dumtl
692 3141 858 3224 erpetratis
873 3140 1067 3204 facinoribus
1084 3151 1221 3221 caveret,
1237 3161 1311 3203 cum
1326 3079 1431 3206 leaia

219 3237 270 3278 Tob-
281 3237 301 3283 4,
312 3222 453 3288 dicebat:
476 3223 625 3288 ‘Attende
647 3162 706 3288 tili
727 3225 768 3288 ab
790 3225 877 3286 omni
896 3223 1114 3306 fornicatione,
1139 3234 1170 3289 et
1185 3225 1271 3287 omni
1286 3234 1430 3310 ternpore

223 3297 447 3371 ²³·²⁰·benedic
469 3308 586 3390 Deum,
615 3317 646 3370 et
668 3317 741 3394 pete
770 3308 811 3371 ab
834 3330 881 3388 ee,
905 3319 940 3372 ut
961 3309 1030 3372 vias
1052 3319 1123 3373 tuas
1146 3309 1206 3372 diri
1230 3311 1285 3390 at'3
1313 3330 1374 3373 neo
1395 3319 1431 3372 ut

311 3402 495 3476 perpetrata
528 3391 668 3455 lacrimis
696 3393 911 3477 poenitentiae
940 3391 1077 3473 lavaret,
1113 3413 1187 3455 cum
1207 3331 1342 3456 ltathan
1369 3391 1430 3454 sub

312 3475 490 3540 velamento
513 3475 683 3560 parabolae
705 3477 825 3540 ferrum
840 3477 1065 3560 increpationis
1081 3479 1228 3560 portavit,
1247 3497 1309 3560 quo
1325 3474 1432 3538 ulcere

240 3629 241 3634 η
312 3559 428 3622 mentis
449 3569 579 3644 repente
598 3581 749 3644 percusso
766 3561 977 3624 conscientiae
992 3561 1078 3622 virus
1095 3560 1252 3640 efflueret,
1275 3559 1330 3622 sed
1345 3557 1433 3622 velut

314 3641 525 3726 apostolicum
548 3644 645 3708 dabat
667 3645 697 3706 ei
717 3653 938 3728 praeceptum:
971 3645 1048 3706 ‘Fac
1071 3644 1178 3706 omnia
1200 3664 1282 3728 quae
1303 3641 1433 3728 placent

313 3725 440 3789 animae
462 3735 551 3808 tuae;
574 3728 635 3789 hoc
657 3725 759 3790 solum
781 3725 964 3808 observans,
986 3736 1023 3791 ut
1043 3727 1077 3790 in
1099 3727 1150 3791 die
1173 3736 1246 3791 tuae
1268 3728 1378 3790 mortis
1398 3727 1433 3789 in

152 3819 401 3880 arianicae
431 3809 494 3872 lide
522 3809 721 3893 inveniaris,
752 3833 826 3874 cum
854 3812 1012 3896 scriptura
1039 3811 1140 3876 dicat:
1174 3811 1261 3874 ‘Post
1282 3811 1433 3895 concupi-

189 3921 240 3962 uu.
251 3920 270 3968 r,
280 3921 300 3963 a.
314 3894 451 3957 scentias
466 3903 537 3957 tuas
555 3915 620 3956 non
635 3896 707 3975 cas',
731 3905 762 3958 et
776 3917 917 3958 rursum:
941 3896 1023 3959 ‘Non
1038 3897 1174 3958 semines
1190 3894 1321 3957 malain
1336 3893 1434 3958 sulcis

314 3977 505 4059 iniustitiae,
538 3987 570 4042 et
598 3999 662 4042 non
690 3987 790 4042 metes
820 4001 857 4042 ea
886 3980 920 4042 in
947 3977 1149 4064 septuplum’.
1199 3977 1257 4041 Ille
1284 3999 1360 4042 vero
1388 3979 1434 4042 ita

315 4061 460 4143 docebat,
483 4063 576 4147 quasi
597 4063 638 4126 sit
659 4062 693 4124 in
714 4061 851 4126 hominis
873 4071 1040 4148 potestate,
1069 4063 1102 4124 in
1124 4083 1189 4125 una
1209 4060 1289 4125 hora
1309 4069 1435 4126 mutare

167 4147 417 4212 coaeternam
445 4167 546 4228 suam,
575 4168 649 4210 cum
676 4147 883 4233 proverbium
910 4149 966 4212 sit:
999 4144 1206 4210 ‘Adolescens
1234 4149 1326 4210 iuxta
1346 4147 1434 4210 viam

316 4326 340 4377 a)
357 4328 388 4366 ito
405 4330 521 4368 emendavit
537 4329 647 4377 Femina,
664 4339 715 4368 cum
733 4329 756 4378 13
772 4328 828 4368 deest
845 4323 878 4368 lb.
962 4327 987 4379 b)
1003 4329 1150 4378 imponerent
1166 4331 1186 4369 1.
1271 4326 1338 4378 clito
1356 4330 1375 4369 1.
1394 4323 1435 4378 lb,

316 4387 463 4428 trosmandus
481 4390 500 4427 2.
560 4387 582 4438 d)
599 4389 613 4429 t
629 4399 646 4428 e.
664 4392 779 4437 antequam
792 4391 917 4438 perpetrato
933 4391 1007 4436 essent,
1023 4388 1120 4427 nondum
1132 4387 1271 4436 perpetratis.
