3114 4814
139 1151 256 1196 sunnin

165 1213 242 1264 tarr.

118 1279 257 1334 astaus.

266 331 302 382 90
456 329 506 380 DE
525 328 684 381 Unlrsrlt
703 327 909 381 EOOLESIAE
929 327 1207 381 consueverint„

265 518 325 563 nec
348 496 388 562 de
411 498 480 562 eius
501 495 621 560 iudicio
643 495 780 560 iudicari
801 504 1044 582 praeceperimt,
1071 517 1176 582 neque
1198 496 1390 560 sententiam

264 580 349 645 illius
372 591 520 666 oportere
542 579 674 662 dissolvi
700 581 944 662 constituerunt,
973 581 1068 646 cuius
1095 580 1204 665 potius
1226 579 1391 666 sequenda

265 665 394 731 decreta
425 664 627 730 mandarunt.
671 663 768 744 Quod
797 665 824 728 si
856 667 902 729 its
933 674 990 746 est,
1023 665 1123 728 immo
1153 663 1229 750 quie
1255 665 1302 728 ita
1330 672 1390 746 est,

266 749 446 816 debuerunt
467 747 580 836 procul
602 747 701 812 dubio
723 747 927 814 adversariae
948 749 1049 834 partis
1071 749 1217 834 episcopi
1238 755 1295 812 sut
1316 768 1390 812 con·

266 835 384 898 sentire
411 855 485 898 cum
515 831 591 896 sede
619 832 797 917 apostolica
822 855 882 920 pro
912 853 991 918 pace
1020 843 1053 898 et
1079 833 1202 898 unitate
1235 830 1390 898 ccclesiae

265 926 321 982 sut
352 917 466 984 merito
498 915 706 982 condemnari
733 927 844 1002 utpote
871 925 1123 1002 transgressores
1154 915 1269 980 iudicii
1302 915 1389 982 sedis

264 1001 473 1087 apostolicae.
505 1001 546 1066 In
565 998 626 1064 hoc
647 1003 732 1066 enim
754 1003 883 1087 utrique
905 1009 1137 1066 consenserunt
1157 999 1389 1086 etWigbertus

266 1095 298 1151 et
312 1108 371 1150 rex
384 1084 568 1150 Henrichus
589 1093 686 1170 atque
707 1086 806 1150 totius
821 1083 977 1152 ecclesiae
995 1106 1156 1167 assensus,
1178 1093 1223 1162 ut,
1240 1084 1312 1170 quis
1337 1085 1388 1150 uis

266 1171 394 1236 resistet
408 1171 483 1256 paci
499 1167 552 1234 vel
566 1167 722 1234 ecclesiae
742 1167 794 1234 vel
808 1169 854 1234 rei
869 1167 1029 1254 publicae,
1052 1168 1102 1234 sit·
1115 1169 1155 1232 iis
1177 1169 1272 1233 ‘sicut
1286 1179 1319 1233 et
1364 1169 1388 1218 ‘-

267 1276 324 1320 cus
347 1265 379 1320 et
393 1253 603 1339 publicanus'.
636 1253 744 1332 Beati,
766 1253 880 1338 inquit,
898 1255 1046 1338 pacifici,
1090 1255 1225 1318 uoniam
1235 1253 1307 1336 filii
1321 1253 1388 1317 Dei

263 1340 478 1406 vocabuntur.
523 1335 587 1402 Sed
620 1335 784 1402 discordes
816 1337 972 1423 episcopi,
1005 1275 1116 1423 quaies
1149 1337 1299 1400 dicuntur
1328 1334 1389 1400 filii

263 1421 393 1504 diaboli,
422 1423 478 1520 qui
509 1419 588 1484 alios
621 1418 748 1501 docent,
780 1441 879 1506 quare
911 1431 1012 1486 semet
1043 1422 1131 1506 ipsos
1163 1443 1229 1485 non
1258 1419 1386 1500 docent,

264 1506 407 1573 dicentes
427 1513 520 1570 ruxta
540 1503 763 1568 auctoritatem
785 1513 914 1590 petrum
936 1503 1054 1572 debere
1075 1526 1134 1570 nos
1156 1507 1270 1570 timere
1291 1503 1311 1568 li
1338 1504 1391 1570 ari.

263 1589 317 1656 vel
347 1591 464 1654 iniuste
497 1597 529 1654 et
561 1589 848 1653 excommunicatis
880 1611 945 1653 non
978 1588 1242 1654 communicare?
1322 1587 1386 1654 nde

263 1676 349 1740 sicui
364 1671 529 1739 Gelasium
552 1693 639 1758 papa
661 1671 788 1738 scribit:
810 1687 927 1740 Prorsus
945 1687 975 1739 in
994 1689 1137 1754 quamlibet
1154 1704 1182 1738 se
1195 1693 1302 1752 partam
1322 1703 1385 1738 cau·

263 1765 442 1830 rationemque
461 1769 623 1827 conuertunt,
643 1763 804 1828 manifeste⁸
828 1761 948 1813 ueritatis
973 1761 1013 1813 ita
1032 1761 1133 1827 laqueis
1157 1762 1330 1826 suffocantur,
1356 1768 1388 1812 ut

264 1837 320 1890 suis
333 1838 386 1905 ipsi
394 1835 485 1891 enta
499 1835 606 1903 possint
619 1829 837 1902 actionibusqusb
854 1835 985 1898 concludi,
1004 1851 1052 1888 nee
1070 1835 1124 1886 nisi
1142 1835 1226 1886 scham
1239 1833 1387 1900 perniciem

265 1919 411 1972 obstinatas
433 1919 564 1986 perfidiae
589 1918 727 1970 residuam
751 1916 890 1970 ventilare.
927 1901 1016 1966 Ecce
1045 1903 1129 1966 enim
1160 1923 1298 1988 quorum
1319 1899 1387 1966 vul·

264 1998 341 2074 gata
361 1987 573 2072 transgressio
593 1997 651 2065 est,
674 2007 733 2070 per
754 2007 856 2049 unum
878 1984 1070 2051 scribentem
1092 1995 1278 2072 proponunt
1292 1985 1388 2051 nobis

265 2081 449 2136 sanctorum
471 2081 598 2156 patrum
620 2070 813 2151 testimonia,
841 2090 923 2154 quse
945 2079 1021 2135 sunt
1041 2072 1127 2135 circa
1148 2091 1203 2135 eos
1233 2070 1289 2158 qui
1315 2071 1386 2134 inn-

264 2166 345 2240 gunt
367 2178 401 2220 sc
423 2154 709 2218 excommunicatis
732 2153 957 2218 communione
979 2155 1096 2243 aliqua.

352 2237 583 2318 (laudantem,
604 2237 720 2324 inquit,
742 2242 1029 2305 recommunicatis
1051 2262 1118 2305 non
1141 2241 1184 2302 sit
1206 2241 1383 2303 communi·

266 2323 421 2404 candum,
441 2323 620 2386 audiamus
642 2331 792 2386 sanctum
813 2319 1003 2388 Callistum²
1020 2344 1174 2410 papam:
1197 2337 1385 2389 monument·

265 2419 338 2464 catos
358 2429 375 2462 a
393 2411 573 2464 sacerdotibus
592 2413 683 2463 nullus
702 2411 814 2478 rccc'piat
833 2418 894 2462 ante
906 2412 1044 2480 utriusque
1058 2411 1147 2480 partis
1161 2411 1386 2464 examinationem

264 2485 371 2548 iustam,
397 2502 445 2536 nec
464 2485 501 2536 eis
526 2486 555 2535 in
580 2485 699 2536 oratione
725 2494 773 2536 aut
798 2485 853 2536 cibo
878 2487 922 2536 cel
938 2495 1008 2553 potu
1033 2495 1081 2538 aut
1100 2487 1186 2538 osculo
1206 2485 1385 2550 communicet,

265 2581 313 2616 nec
337 2581 386 2616 auc
405 2565 442 2636 eis
466 2565 547 2618 dicat.
593 2552 746 2616 Urbanut
769 2563 909 2637 papa³t
937 2569 1022 2621 Valde
1046 2567 1164 2620 tirneuda
1189 2575 1227 2620 est
1254 2566 1386 2618 sententia

266 2637 381 2704 episcopi
389 2643 409 2701 ⁰,
429 2639 487 2692 licet
505 2639 601 2694 iniuste
620 2643 735 2708 aliquem
753 2642 821 2708 liqut,
845 2643 916 2708 quod
940 2651 1028 2694 tamen
1046 2645 1209 2707 summopere
1223 2641 1385 2706 praecidere

268 2721 350 2774 debet.
393 2705 599 2794 Greyott'w
621 2713 657 2775 in
685 2709 847 2775 homiliis:
886 2725 977 2776 Utrum
1002 2724 1071 2776 iuste
1094 2741 1132 2774 an
1162 2722 1260 2774 iniuste
1288 2721 1384 2790 oblipet

260 2801 365 2862 pastor,
380 2797 500 2864 pastoris
520 2804 608 2852 tamen
627 2798 757 2852 sententia
775 2798 849 2867 prepi
867 2796 984 2849 timenda
1003 2805 1049 2862 cst,
1071 2795 1147 2848 neis
1176 2794 1224 2863 qui
1242 2795 1338 2860 subest,
1359 2800 1383 2846 et

265 2885 324 2940 cum
343 2868 440 2922 iniuste
451 2871 573 2936 forsitan
592 2871 699 2938 liqatur‚
718 2872 804 2940 ipsam
823 2869 990 2938 obligationis
1008 2887 1075 2921 suae
1094 2869 1250 2921 sententiam
1275 2885 1307 2920 err
1327 2866 1384 2918 alia

265 2943 346 3008 culrra
364 2952 506 2994 mereatur.
544 2943 641 2996 Pastor
666 2963 726 3012 erpo
745 2945 788 2996 rel
806 2945 940 2995 absoluere
958 2943 1098 2996 indiscrete
1117 2943 1208 2993 timeat
1230 2942 1272 2992 uel
1289 2941 1383 3009 lipare.

265 3014 295 3065 Is
310 3023 405 3079 autem,
424 3017 472 3082 qui
490 3017 539 3068 sub
552 3035 634 3068 manu
642 3019 761 3084 pastoris
775 3025 819 3080 est,
839 3016 919 3084 lipari
938 3017 1026 3069 timeat
1045 3017 1088 3067 acl
1098 3013 1196 3067 iniuste
1207 3029 1256 3066 nec
1266 3012 1384 3080 pastoris

265 3085 396 3139 iudicistm
407 3097 501 3140 temere
513 3091 699 3155 reprehendat,
718 3108 761 3154 nc,
778 3091 827 3142 etei
838 3085 955 3141 iniuste(¹
968 3089 1066 3157 liputus
1080 3097 1126 3152 est,
1147 3089 1202 3140 eui
1219 3105 1252 3139 sa
1263 3086 1383 3139 tumidae

265 3169 475 3236 reprehensionis
493 3170 619 3238 superbia
638 3173 725 3240 culpa,
744 3189 813 3238 quae
831 3189 886 3223 nan
905 3177 970 3232 erat,
982 3171 1044 3237 fiat.
1076 3157 1166 3221 Idem
1212 3156 1382 3242 reyot'ltw‘

259 3237 473 3324 presbyteris,
496 3239 657 3320 diaconis,
680 3239 897 3341 nobdibuagt
918 3237 1044 3324 populo
1066 3241 1226 3306 Iadcrae:
1258 3253 1384 3306 Peruenit

266 3327 304 3380 ad
321 3343 370 3391 mc,
390 3328 519 3394 quosdam
543 3337 689 3380 aestrorum
712 3328 872 3397 ipnorantta'
891 3327 934 3380 uel
956 3329 1110 3384 necessitate
1128 3331 1248 3396 deceptas
1266 3327 1317 3393 bie,
1337 3325 1384 3394 qui

266 3401 299 3454 ab
319 3401 465 3468 apostolica
483 3402 553 3466 sede,
567 3403 648 3468 culpa
665 3402 733 3454 sicut
751 3403 833 3456 nostis
853 3402 978 3470 scalpente,
997 3405 1176 3456 communione
1188 3402 1294 3470 macti
1311 3409 1382 3464 sunt,

265 3475 479 3539 communicasse,
497 3475 625 3540 quosdam
644 3493 706 3528 uero
725 3483 770 3527 see
789 3473 892 3526 salubri
910 3473 1074 3540 discretione,
1091 3485 1242 3544 proteqente
1256 3475 1381 3537 Domino,

265 3547 434 3612 suspendisse
440 3567 449 3610 ,·
469 3554 493 3598 et
511 3554 639 3613 quantum
657 3549 690 3600 de
710 3545 888 3600 constantibus
905 3548 1020 3615 caudeo,
1045 3559 1148 3602 tanturn
1166 3551 1198 3601 de
1214 3547 1382 3601 deviantibus

265 3618 415 3688 intremisco,
441 3621 567 3686 quoniam
592 3639 685 3674 sanae
711 3619 900 3673 communionis
924 3623 1060 3687 mysteria,
1085 3641 1154 3690 quae
1173 3623 1210 3674 acl
1229 3620 1383 3672 solutionem

265 3691 340 3743 nobis
365 3691 460 3744 diuina
480 3691 581 3759 pietate
606 3711 729 3747 concessa
747 3701 817 3757 sunt,
836 3693 865 3745 in
889 3694 1072 3746 detrimentum
1091 3695 1195 3748 animae
1215 3710 1279 3746 suae
1297 3691 1383 3759 magis

265 3774 426 3831 receperunt.
455 3766 492 3818 Et
504 3767 577 3833 quia,
595 3768 664 3820 sicut
681 3765 755 3820 cobis
774 3765 935 3833 omnmotcns
955 3767 1030 3819 Deus
1047 3767 1202 3830 innotescat,
1221 3767 1390 3820 uehementer·

266 3838 374 3890 caritati
392 3847 495 3892 uestrae
514 3846 539 3892 et
555 3841 706 3893 medullitus
726 3857 758 3892 eu
777 3849 829 3893 tcto
848 3839 994 3907 compatior
1009 3851 1122 3908 paterno
1142 3843 1245 3910 affectu,
1272 3841 1385 3892 obtestor

267 4018 291 4072 s)
307 4021 447 4063 msnttsstas
463 4023 508 4064 det.
576 4021 599 4073 b)
617 4023 751 4074 sentesque
768 4025 812 4067 (iel.
881 4022 902 4076 c)
918 4024 950 4064 s'ta
970 4024 1037 4075 Urb.,·
1053 4023 1137 4066 Christi
1154 4026 1174 4066 1.
1244 4021 1268 4075 d)
1284 4025 1345 4064 tusto
1362 4024 1384 4064 1.

266 4079 289 4131 s)
305 4081 361 4121 deest
377 4084 403 4132 1,·
418 4083 488 4132 recepi
503 4093 528 4122 ea
543 4083 608 4133 Grec.

271 4234 298 4298 1)
317 4233 395 4284 Thiei
415 4251 442 4300 p.
463 4235 526 4286 423.
590 4235 618 4300 2)
638 4235 785 4286 Hinschins
804 4251 830 4301 p.
851 4233 912 4286 138.
969 4231 998 4293 3)
1018 4233 1089 4284 Ibid.
1109 4251 1136 4300 p.
1150 4231 1211 4286 145.
1270 4231 1299 4300 4)
1320 4231 1393 4284 Gis·-

268 4308 339 4372 gorii
358 4308 448 4374 Opera
464 4307 487 4374 1,
507 4325 533 4374 p.
555 4307 634 4360 toto.
709 4305 739 4374 b)
759 4307 882 4372 Gregorii
900 4307 1041 4374 Epistulae
1060 4307 1107 4369 VI,
1127 4306 1172 4358 46.
