3116 4822
327 379 377 430 Dc
397 379 557 430 UNITATE
576 379 781 430 ECCLESIAE
802 379 1080 432 CONSERVANDA.
1228 379 1263 428 67

139 549 188 612 vit
209 547 376 632 liliumque
398 547 467 610 eius
490 546 691 632 Adalgisum,
712 549 747 610 in
769 569 865 634 quem
888 569 962 633 spes
984 559 1136 633 paternae
1155 556 1264 631 tyran-

141 632 226 695 nidis
248 633 403 696 inclinata
417 629 596 712 videbatur,
619 631 659 696 de
680 630 775 696 Italia
796 631 930 717 expulit,
952 641 984 696 et
1000 631 1152 695 Romanis
1167 640 1265 717 atque

141 715 284 780 Adriano
307 716 472 780 Romanae
502 714 658 780 ecclesiae
686 717 803 781 rectori
831 738 882 781 res
912 737 986 780 suas
1007 715 1156 796 restituit,
1182 736 1265 802 quas

141 799 266 865 hostilis
288 799 429 863 incursio
452 799 636 882 abstulerat,
659 801 742 864 sicut
762 799 844 864 liber
866 800 906 863 de
920 801 1047 886 gestisi
1072 801 1138 863 sius
1155 799 1264 864 Caroli

140 884 295 948 indicatl.
329 885 409 950 Post
430 883 508 947 haec
524 885 621 949 etiam
644 885 789 970 sequitur
811 895 843 949 et
863 885 951 966 dicit,
974 823 1264 970 quotlLotharium

141 967 295 1033 Nicolaus
324 989 411 1053 papa
439 967 482 1031 ad
509 967 726 1032 obediendum
755 971 930 1033 canonicae
957 966 1022 1054 legi
1049 969 1199 1052 coegerit,
1232 976 1264 1032 et

141 1053 263 1118 invicta
285 1054 463 1118 tomeritate
477 1051 640 1117 Adrianus
662 1053 872 1118 damnaverit.
902 1051 997 1127 uerte
1017 1075 1082 1118 non
1098 1053 1265 1116 damnavit

142 1137 331 1201 Lotharium
357 1159 466 1222 regem
489 1135 663 1220 Adrianus,
691 1137 750 1201 sed
777 1148 851 1222 post
872 1137 1008 1223 primam
1036 1149 1068 1202 et
1089 1137 1264 1202 secundam

144 1243 235 1286 corre
259 1221 378 1285 tionem
409 1241 470 1306 pro
503 1223 636 1288 crimine
669 1220 835 1302 adulterii,
868 1244 932 1309 quo
988 1221 1094 1288 ublice
1129 1242 1264 1306 regnum

144 1243 371 1387 maculaverat,
392 1305 567 1390 persistens
588 1305 694 1370 adhuc
714 1307 749 1368 in
763 1305 911 1370 sordibus
926 1244 1061 1392 deliquit
1081 1308 1151 1394 ipse
1172 1307 1265 1368 iuxta

143 1390 333 1454 sententiam
362 1388 500 1476 apostoli
529 1391 662 1476 proprio
691 1391 810 1454 iudicio
834 1390 1073 1473 condemnatus,
1102 1390 1396 1493 quoniam,⁰fl·¹1·2⁰9⁰¹·

143 1495 219 1537 oum
240 1473 280 1538 de
302 1495 402 1537 manu
423 1475 526 1559 ipsius
547 1473 773 1560 pontificisad
795 1475 1092 1560 comprobationem
1114 1495 1264 1537 mnocen-
1320 1478 1326 1504 ’
1366 1483 1373 1495 '

143 1559 207 1623 tiae
234 1579 312 1622 suae
340 1580 458 1656 corpus
488 1571 520 1623 et
547 1562 737 1644 sanguinem
764 1559 899 1623 Domini
924 1581 997 1623 reus
1025 1560 1172 1644 accipere
1199 1579 1266 1622 non

143 1643 312 1726 timuisset,
341 1642 498 1706 iudlcium
526 1643 588 1707 sibi
616 1643 824 1706 manducavit
846 1653 878 1707 et
898 1643 982 1708 bibit
1003 1643 1140 1729 ideoque
1162 1643 1265 1706 Roma

142 1749 290 1813 egressus
319 1727 415 1813 paulo
437 1735 510 1812 post
531 1727 565 1790 in
595 1728 725 1792 civitate
746 1727 912 1792 Placentia
939 1725 1019 1792 obiit
1031 1739 1053 1790 ².
1096 1727 1145 1790 Eo
1168 1728 1264 1792 etiam

143 1811 240 1876 modo
262 1809 463 1875 Heriberdus
484 1833 553 1892 rex,
575 1810 673 1875 frater
688 1810 850 1896 Sigiberdi
865 1813 951 1896 regis
966 1813 1177 1892 Francorum,
1198 1811 1265 1874 Dei

142 1895 263 1960 iudicio
291 1917 461 1981 percussus
491 1907 548 1976 est,
578 1907 751 1982 postquam
773 1919 793 1960 a
814 1907 925 1960 sancto
948 1894 1110 1960 Germano
1135 1895 1265 1959 Parrhi-

143 1981 259 2044 siensis
288 1977 443 2044 ecclesiae
472 1980 626 2078 episcopo
648 1987 780 2066 propter
800 1979 881 2043 duas
904 2001 1038 2062 sorores,
1061 1977 1182 2064 puellas
1206 1980 1265 2042 sci-

142 2062 219 2129 licet
240 2063 411 2128 derelictae
432 2086 572 2148 regmae,
597 2086 676 2150 quas
698 2085 757 2149 pro
772 2063 915 2148 legitimo
932 2063 1081 2148 coniugio
1096 2073 1266 2149 acceperat

142 2149 178 2212 in
205 2169 335 2226 uxores,
369 2149 667 2212 excommunicatus
689 2158 767 2214 est³.
811 2149 882 2214 Hae
905 2159 980 2214 sunt
1007 2147 1169 2228 historiae,
1203 2169 1263 2233 per

144 2255 225 2318 quas
254 2233 401 2298 aestimat
427 2243 507 2296 nost
535 2233 646 2296 induci
673 2255 779 2318 posse,
808 2241 844 2296 ut
866 2231 1043 2312 credamus,
1065 2232 1265 2296 Henrichum

143 2319 214 2381 iure
242 2337 262 2380 a
285 2316 442 2402 Gregorio
472 2316 660 2381 damnatum
688 2339 757 2382 esse
784 2325 818 2381 et
844 2316 962 2382 exhinc
991 2317 1161 2464 indignum
1191 2339 1265 2380 eum

144 2424 215 2466 esse
245 2402 333 2486 regio
363 2403 491 2464 nomine
520 2410 551 2466 et
577 2403 669 2486 regia
696 2409 865 2486 potestate,
893 2423 967 2466 cum
988 2425 1053 2466 non
1086 2423 1265 2486 egeremus,

144 2507 328 2571 quenquam
350 2483 390 2548 de
412 2485 530 2550 sanctis
552 2483 698 2570 patribus
721 2485 783 2549 sibi
805 2485 927 2572 aliquid
949 2486 990 2550 de
1012 2488 1104 2571 regni
1125 2486 1265 2571 negotiis

144 2591 310 2654 usurpare.
354 2569 433 2634 Noa
455 2579 500 2634 est
521 2571 636 2656 igitur,
663 2569 697 2631 in
721 2569 777 2650 uit,
805 2591 925 2633 novum
953 2569 1002 2635 uel
1024 2569 1282 2636 ecclesiasticae·

144 2653 213 2740 legi
243 2653 431 2734 indebitum,
467 2676 561 2739 repes
598 2591 775 2736 apostilico
809 2653 948 2734 obedire,
980 2676 1047 2719 oon
1084 2655 1266 2724 obedientes

145 2739 349 2803 anathemati
377 2739 554 2802 subiacere.
598 2736 694 2823 Certe
724 2734 878 2803 obediens
906 2747 975 2802 erat
1001 2760 1060 2802 rex
1081 2737 1267 2800 Henrichus

144 2821 341 2908 apostolicae
369 2821 562 2904 auctoritati,
590 2817 718 2908 quando
747 2823 942 2908 promiserat
974 2821 1016 2886 ad
1046 2822 1154 2884 omnia
1182 2841 1265 2906 quae

143 2907 230 2971 iusta
253 2915 359 2970 essent
386 2928 577 2972 consensum
604 2906 760 2991 praebere
781 2907 927 2970 Romano
951 2905 1106 3052 pontifici,
1136 2905 1267 2992 quando

145 2992 242 3055 etiam
270 2989 418 3075 deposito
447 2989 535 3055 cultu
563 2991 653 3074 regio
681 3001 713 3056 et
740 2991 852 3055 habitu
875 3011 958 3076 supp
971 2991 1055 3055 icem
1076 3013 1134 3076 per
1156 2991 1268 3054 omnia

145 3097 184 3140 ac
206 3075 424 3160 poenitentem
445 3076 597 3161 proiectis
620 3074 723 3160 culpis
745 3097 815 3140 sese
830 3073 1053 3140 Hildebrando
1075 3073 1191 3160 optulit
1203 3097 1266 3139 nec

144 3160 236 3244 prius
258 3161 346 3223 omni
368 3159 474 3224 officio
496 3158 685 3223 humilitatis
707 3160 853 3245 impenso
875 3159 1006 3242 destitit,
1028 3159 1131 3223 donec
1145 3159 1179 3222 in
1194 3179 1265 3258 gra-

144 3245 224 3308 tiam
254 3264 328 3307 cum
357 3265 443 3330 papa
471 3244 565 3309 rediit
594 3243 693 3310 etad
722 3241 998 3330 comprobandum
1029 3243 1265 3308 ecclesiastreae

144 3327 414 3392 reconciliationis
442 3329 660 3392 testimonium
690 3349 815 3392 sacram
837 3328 1098 3392 communionem
1120 3329 1267 3411 corporis

144 3421 178 3478 et
206 3412 373 3497 sanguinis
400 3411 533 3475 Domini
560 3413 600 3478 de
628 3433 727 3476 manu
755 3413 824 3476 eius
852 3413 990 3497 accepit,
1019 3433 1162 3476 mensam
1191 3432 1265 3474 cum

144 3498 218 3582 ipso
240 3519 326 3583 papa
347 3496 427 3560 adiit
448 3517 487 3560 ac
508 3495 625 3560 deinde
647 3497 799 3561 dimissus
822 3506 871 3561 est
891 3497 926 3560 in
939 3517 1031 3582 pace,
1055 3493 1182 3581 qualem
1206 3495 1267 3558 sci-

144 3579 220 3645 licet
246 3603 360 3666 pacem
388 3579 488 3646 Iudas
517 3581 687 3658 simulavit,
714 3603 779 3644 non
807 3577 934 3666 qualem
957 3578 1104 3644 Christus
1125 3578 1264 3666 reliquit.

144 3665 229 3730 Nam
251 3673 327 3729 tunc
350 3665 461 3729 aderat
483 3671 515 3729 et
534 3663 655 3748 legatio
672 3664 849 3746 Saxonum,
871 3663 1013 3729 hostium
1035 3663 1158 3728 scilicet
1178 3664 1266 3748 regis

146 3759 178 3814 et
194 3749 412 3835 Gregorianae
426 3749 528 3834 partis
543 3748 713 3829 fautorum,
736 3757 768 3814 et
788 3749 954 3834 rescripsit
975 3751 1021 3813 eis
1037 3747 1267 3834 quaerentibus

144 3835 378 3920 interrumpere
401 3831 550 3897 omnibus
572 3833 676 3897 modis
698 3835 814 3897 initum
829 3833 1099 3898 reconciliationis
1120 3842 1265 3918 pactum:

145 3919 197 3983 Ne
214 3919 354 4000 solliciti,
377 3919 491 4005 inquit,
514 3919 598 3999 sitis,
620 3919 777 4004 quoniam
799 3917 1048 4002 culpabiliorem
1071 3939 1143 3981 eunt
1163 3917 1267 3981 reddo

144 4004 245 4068 uobis.
289 4002 422 4087 Regalia
449 4000 609 4088 siquidem
640 4009 827 4066 ornamenta
853 4002 1063 4066 interdixerat
1090 4001 1168 4086 regi,
1195 4001 1265 4082 utl,

145 4164 168 4219 a)
184 4168 216 4206 ita
231 4167 310 4218 scripsi
316 4179 324 4216 ,·
340 4167 489 4207 aestimamus
506 4167 527 4208 1.
587 4163 611 4216 b)
627 4165 659 4204 ito
674 4163 753 4214 scripsi
759 4174 768 4212 ;
783 4165 806 4204 et
822 4164 843 4205 1.
860 4163 899 4214 (cs.
915 4165 950 4206 lit.
968 4164 987 4212 I,
1002 4175 1020 4204 e.
1036 4163 1066 4214 6).

147 4282 174 4344 1)
193 4281 326 4332 Einhardi
344 4282 408 4332 Vita
427 4279 518 4331 Caroli
538 4294 562 4330 c.
584 4279 608 4330 6.
683 4278 712 4342 2)
738 4278 780 4330 cf.
799 4278 896 4344 Regin.
916 4294 941 4331 a.
961 4275 1024 4342 869,
1044 4277 1137 4342 ssi,
1155 4294 1182 4346 p.
1202 4275 1266 4330 581.

145 4353 177 4421 3)
198 4355 239 4407 Cf.
259 4355 372 4422 Gregor.
391 4353 490 4405 Turon.
510 4353 529 4403 l.
547 4353 595 4416 IV,
617 4369 641 4404 c.
662 4350 706 4408 ab.

994 4433 1034 4484 5*
