<?xml version="1.0" encoding="UTF-8"?>
<!DOCTYPE html PUBLIC "-//W3C//DTD XHTML 1.0 Transitional//EN"
    "http://www.w3.org/TR/xhtml1/DTD/xhtml1-transitional.dtd">
<html xmlns="http://www.w3.org/1999/xhtml" xml:lang="en" lang="en">
 <head>
  <title>
</title>
<meta http-equiv="Content-Type" content="text/html;charset=utf-8" />
  <meta name='ocr-system' content='tesseract 3.04.00' />
  <meta name='ocr-capabilities' content='ocr_page ocr_carea ocr_par ocr_line ocrx_word'/>
</head>
<body>
  <div class='ocr_page' id='page_1' title='image "./waltramiutvidet01schwgoog_0224.png"; bbox 0 0 3098 4818; ppageno 0'>
   <div class='ocr_carea' id='block_1_1' title="bbox 293 337 1114 390">
    <p class='ocr_par' dir='ltr' id='par_1_1' title="bbox 293 337 1114 390">
     <span class='ocr_line' id='line_1_1' title="bbox 293 337 1114 390; baseline 0.001 -2"><span class='ocrx_word' id='word_1_1' title='bbox 293 339 328 388; x_wconf 79' lang='lat'>42</span> <span class='ocrx_word' id='word_1_2' title='bbox 581 337 701 389; x_wconf 86' lang='lat' dir='ltr'>BRUNO</span> <span class='ocrx_word' id='word_1_3' title='bbox 720 338 770 388; x_wconf 83' lang='lat' dir='ltr'>DE</span> <span class='ocrx_word' id='word_1_4' title='bbox 788 338 907 389; x_wconf 87' lang='lat' dir='ltr'>BELLO</span> <span class='ocrx_word' id='word_1_5' title='bbox 927 338 1114 390; x_wconf 80' lang='lat' dir='ltr'>SAXONIOO.</span> 
     </span>
    </p>
   </div>
   <div class='ocr_carea' id='block_1_2' title="bbox 177 503 1533 3773">
    <p class='ocr_par' dir='ltr' id='par_1_2' title="bbox 219 503 1418 1073">
     <span class='ocr_line' id='line_1_2' title="bbox 219 503 1418 589; baseline 0.003 -23"><span class='ocrx_word' id='word_1_6' title='bbox 219 527 283 568; x_wconf 82' lang='lat' dir='ltr'>mre.</span> <span class='ocrx_word' id='word_1_7' title='bbox 293 503 493 570; x_wconf 86' lang='lat' dir='ltr'>solummodo</span> <span class='ocrx_word' id='word_1_8' title='bbox 515 505 644 589; x_wconf 83' lang='lat' dir='ltr'>scripto,</span> <span class='ocrx_word' id='word_1_9' title='bbox 666 503 713 568; x_wconf 90' lang='lat' dir='ltr'>illi</span> <span class='ocrx_word' id='word_1_10' title='bbox 734 505 960 570; x_wconf 85' lang='lat' dir='ltr'>renuntiabant</span> <span class='ocrx_word' id='word_1_11' title='bbox 980 506 1097 572; x_wconf 64' lang='lat' dir='ltr'>etiams</span> <span class='ocrx_word' id='word_1_12' title='bbox 1117 507 1305 570; x_wconf 89' lang='lat' dir='ltr'>iuramento.</span> <span class='ocrx_word' id='word_1_13' title='bbox 1350 505 1418 569; x_wconf 89' lang='lat' dir='ltr'>Ro-</span> 
     </span>
     <span class='ocr_line' id='line_1_3' title="bbox 293 587 1416 674; baseline -0.001 -21"><span class='ocrx_word' id='word_1_14' title='bbox 293 611 405 653; x_wconf 88' lang='lat' dir='ltr'>manos</span> <span class='ocrx_word' id='word_1_15' title='bbox 428 589 523 652; x_wconf 88' lang='lat' dir='ltr'>etiam</span> <span class='ocrx_word' id='word_1_16' title='bbox 547 609 644 673; x_wconf 90' lang='lat' dir='ltr'>quam</span> <span class='ocrx_word' id='word_1_17' title='bbox 666 588 820 674; x_wconf 81' lang='lat' dir='ltr'>plurimos</span> <span class='ocrx_word' id='word_1_18' title='bbox 866 590 980 654; x_wconf 88' lang='lat' dir='ltr'>ecunia</span> <span class='ocrx_word' id='word_1_19' title='bbox 1002 590 1157 674; x_wconf 87' lang='lat' dir='ltr'>corrupit,</span> <span class='ocrx_word' id='word_1_20' title='bbox 1186 599 1219 654; x_wconf 89' lang='lat' dir='ltr'>et</span> <span class='ocrx_word' id='word_1_21' title='bbox 1244 598 1280 653; x_wconf 86' lang='lat' dir='ltr'>ut</span> <span class='ocrx_word' id='word_1_22' title='bbox 1301 587 1416 652; x_wconf 91' lang='lat' dir='ltr'>Hilde-</span> 
     </span>
     <span class='ocr_line' id='line_1_4' title="bbox 292 611 1415 757; baseline 0.001 -20"><span class='ocrx_word' id='word_1_23' title='bbox 292 672 451 737; x_wconf 89' lang='lat' dir='ltr'>brandum</span> <span class='ocrx_word' id='word_1_24' title='bbox 468 671 509 736; x_wconf 88' lang='lat' dir='ltr'>ab</span> <span class='ocrx_word' id='word_1_25' title='bbox 525 670 720 757; x_wconf 84' lang='lat' dir='ltr'>apostolicae</span> <span class='ocrx_word' id='word_1_26' title='bbox 735 672 820 736; x_wconf 84' lang='lat' dir='ltr'>sedis</span> <span class='ocrx_word' id='word_1_27' title='bbox 835 611 955 737; x_wconf 79' lang='lat' dir='ltr'>libnore</span> <span class='ocrx_word' id='word_1_28' title='bbox 973 673 1144 754; x_wconf 79' lang='lat' dir='ltr'>deicerent,</span> <span class='ocrx_word' id='word_1_29' title='bbox 1167 672 1285 738; x_wconf 85' lang='lat' dir='ltr'>talibus</span> <span class='ocrx_word' id='word_1_30' title='bbox 1299 671 1415 738; x_wconf 80' lang='lat' dir='ltr'>litteris</span> 
     </span>
     <span class='ocr_line' id='line_1_5' title="bbox 293 754 1415 854; baseline -0.001 -33"><span class='ocrx_word' id='word_1_31' title='bbox 293 759 404 822; x_wconf 85' lang='lat' dir='ltr'>oravit.</span> <span class='ocrx_word' id='word_1_32' title='bbox 447 756 515 841; x_wconf 83' lang='lat' dir='ltr'>Ipsi</span> <span class='ocrx_word' id='word_1_33' title='bbox 548 777 676 854; x_wconf 78' lang='lat' dir='ltr'>quoque</span> <span class='ocrx_word' id='word_1_34' title='bbox 706 754 881 842; x_wconf 85' lang='lat' dir='ltr'>apostoliea</span> <span class='ocrx_word' id='word_1_35' title='bbox 914 754 1026 842; x_wconf 82' lang='lat' dir='ltr'>plenas</span> <span class='ocrx_word' id='word_1_36' title='bbox 1060 756 1259 822; x_wconf 85' lang='lat' dir='ltr'>contumeliis</span> <span class='ocrx_word' id='word_1_37' title='bbox 1290 755 1415 821; x_wconf 82' lang='lat' dir='ltr'>litteras</span> 
     </span>
     <span class='ocr_line' id='line_1_6' title="bbox 293 839 1416 926; baseline 0 -22"><span class='ocrx_word' id='word_1_38' title='bbox 293 842 426 922; x_wconf 85' lang='lat' dir='ltr'>direxit,</span> <span class='ocrx_word' id='word_1_39' title='bbox 454 841 487 904; x_wconf 92' lang='lat' dir='ltr'>in</span> <span class='ocrx_word' id='word_1_40' title='bbox 510 840 641 926; x_wconf 81' lang='lat' dir='ltr'>qulbus,</span> <span class='ocrx_word' id='word_1_41' title='bbox 667 849 703 904; x_wconf 93' lang='lat' dir='ltr'>ut</span> <span class='ocrx_word' id='word_1_42' title='bbox 724 839 934 925; x_wconf 84' lang='lat' dir='ltr'>apostolicum</span> <span class='ocrx_word' id='word_1_43' title='bbox 956 863 1072 905; x_wconf 89' lang='lat' dir='ltr'>nomen</span> <span class='ocrx_word' id='word_1_44' title='bbox 1095 851 1127 904; x_wconf 84' lang='lat' dir='ltr'>et</span> <span class='ocrx_word' id='word_1_45' title='bbox 1149 840 1258 904; x_wconf 84' lang='lat' dir='ltr'>sedem</span> <span class='ocrx_word' id='word_1_46' title='bbox 1281 842 1343 904; x_wconf 87' lang='lat' dir='ltr'>cito</span> <span class='ocrx_word' id='word_1_47' title='bbox 1365 861 1416 905; x_wconf 89' lang='lat' dir='ltr'>re-</span> 
     </span>
     <span class='ocr_line' id='line_1_7' title="bbox 292 923 1414 1011; baseline 0 -23"><span class='ocrx_word' id='word_1_48' title='bbox 292 925 465 1010; x_wconf 88' lang='lat' dir='ltr'>linqueret,</span> <span class='ocrx_word' id='word_1_49' title='bbox 499 924 667 988; x_wconf 83' lang='lat' dir='ltr'>minaciter</span> <span class='ocrx_word' id='word_1_50' title='bbox 695 925 868 1010; x_wconf 85' lang='lat' dir='ltr'>praecepit.</span> <span class='ocrx_word' id='word_1_51' title='bbox 914 924 986 988; x_wconf 87' lang='lat' dir='ltr'>Hoc</span> <span class='ocrx_word' id='word_1_52' title='bbox 1014 935 1120 989; x_wconf 84' lang='lat' dir='ltr'>autem</span> <span class='ocrx_word' id='word_1_53' title='bbox 1152 923 1337 1011; x_wconf 89' lang='lat' dir='ltr'>exemplum</span> <span class='ocrx_word' id='word_1_54' title='bbox 1364 933 1414 989; x_wconf 85' lang='lat' dir='ltr'>est</span> 
     </span>
     <span class='ocr_line' id='line_1_8' title="bbox 292 1007 498 1073; baseline -0.005 -2"><span class='ocrx_word' id='word_1_55' title='bbox 292 1007 498 1073; x_wconf 86' lang='lat' dir='ltr'>litterarum¹:</span> 
     </span>
    </p>

    <p class='ocr_par' dir='ltr' id='par_1_3' title="bbox 177 1091 1415 2184">
     <span class='ocr_line' id='line_1_9' title="bbox 177 1091 1413 1178; baseline 0.008 -32"><span class='ocrx_word' id='word_1_56' title='bbox 177 1119 216 1171; x_wconf 58' lang='lat' dir='ltr'>e„</span> <span class='ocrx_word' id='word_1_57' title='bbox 233 1119 284 1162; x_wconf 78' lang='lat' dir='ltr'>sss.</span> <span class='ocrx_word' id='word_1_58' title='bbox 377 1091 446 1156; x_wconf 71' lang='lat'><strong><em>¹⁸66.</em></strong></span> <span class='ocrx_word' id='word_1_59' title='bbox 491 1092 689 1156; x_wconf 77' lang='lat' dir='ltr'>Heinricusb</span> <span class='ocrx_word' id='word_1_60' title='bbox 719 1092 784 1156; x_wconf 90' lang='lat' dir='ltr'>Dei</span> <span class='ocrx_word' id='word_1_61' title='bbox 819 1093 933 1178; x_wconf 74' lang='lat' dir='ltr'>pratia</span> <span class='ocrx_word' id='word_1_62' title='bbox 964 1113 1038 1172; x_wconf 82' lang='lat' dir='ltr'>reu,</span> <span class='ocrx_word' id='word_1_63' title='bbox 1072 1095 1245 1156; x_wconf 88' lang='lat' dir='ltr'>uniuersae</span> <span class='ocrx_word' id='word_1_64' title='bbox 1278 1102 1413 1156; x_wconf 87' lang='lat' dir='ltr'>sanctae</span> 
     </span>
     <span class='ocr_line' id='line_1_10' title="bbox 295 1173 1414 1260; baseline -0.002 -20"><span class='ocrx_word' id='word_1_65' title='bbox 295 1178 464 1241; x_wconf 80' lang='lat' dir='ltr'>Romanae</span> <span class='ocrx_word' id='word_1_66' title='bbox 496 1175 647 1239; x_wconf 86' lang='lat' dir='ltr'>ecclesiae</span> <span class='ocrx_word' id='word_1_67' title='bbox 680 1175 763 1239; x_wconf 88' lang='lat' dir='ltr'>clero</span> <span class='ocrx_word' id='word_1_68' title='bbox 793 1185 821 1239; x_wconf 90' lang='lat' dir='ltr'>et</span> <span class='ocrx_word' id='word_1_69' title='bbox 841 1173 988 1260; x_wconf 90' lang='lat' dir='ltr'>populo,</span> <span class='ocrx_word' id='word_1_70' title='bbox 1020 1179 1182 1260; x_wconf 77' lang='lat' dir='ltr'>pralium,</span> <span class='ocrx_word' id='word_1_71' title='bbox 1216 1176 1350 1240; x_wconf 90' lang='lat' dir='ltr'>sulutem</span> <span class='ocrx_word' id='word_1_72' title='bbox 1383 1185 1414 1239; x_wconf 82' lang='lat' dir='ltr'>et</span> 
     </span>
     <span class='ocr_line' id='line_1_11' title="bbox 293 1259 1414 1344; baseline -0.002 -18"><span class='ocrx_word' id='word_1_73' title='bbox 293 1283 383 1326; x_wconf 88' lang='lat' dir='ltr'>omne</span> <span class='ocrx_word' id='word_1_74' title='bbox 399 1260 525 1324; x_wconf 90' lang='lat' dir='ltr'>bonum.</span> <span class='ocrx_word' id='word_1_75' title='bbox 559 1259 650 1322; x_wconf 91' lang='lat' dir='ltr'>Haec</span> <span class='ocrx_word' id='word_1_76' title='bbox 657 1259 855 1341; x_wconf 80' lang='lat' dir='ltr'>fldesflrma</span> <span class='ocrx_word' id='word_1_77' title='bbox 870 1269 899 1322; x_wconf 92' lang='lat' dir='ltr'>et</span> <span class='ocrx_word' id='word_1_78' title='bbox 912 1261 1129 1324; x_wconf 78' lang='lat' dir='ltr'>inconcussac</span> <span class='ocrx_word' id='word_1_79' title='bbox 1151 1261 1305 1341; x_wconf 90' lang='lat' dir='ltr'>creditur,</span> <span class='ocrx_word' id='word_1_80' title='bbox 1329 1282 1414 1344; x_wconf 80' lang='lat' dir='ltr'>quae</span> 
     </span>
     <span class='ocr_line' id='line_1_12' title="bbox 293 1343 1414 1488; baseline -0.002 -80"><span class='ocrx_word' id='word_1_81' title='bbox 293 1365 418 1429; x_wconf 89' lang='lat' dir='ltr'>semper</span> <span class='ocrx_word' id='word_1_82' title='bbox 432 1353 460 1406; x_wconf 91' lang='lat' dir='ltr'>et</span> <span class='ocrx_word' id='word_1_83' title='bbox 475 1343 586 1406; x_wconf 86' lang='lat' dir='ltr'>eodem</span> <span class='ocrx_word' id='word_1_84' title='bbox 601 1352 629 1406; x_wconf 91' lang='lat' dir='ltr'>et</span> <span class='ocrx_word' id='word_1_85' title='bbox 637 1344 811 1488; x_wconf 71' lang='lat' dir='ltr'>praesenti</span> <span class='ocrx_word' id='word_1_86' title='bbox 825 1352 975 1406; x_wconf 87' lang='lat' dir='ltr'>servatur</span> <span class='ocrx_word' id='word_1_87' title='bbox 990 1352 1018 1406; x_wconf 89' lang='lat' dir='ltr'>et</span> <span class='ocrx_word' id='word_1_88' title='bbox 1030 1345 1164 1425; x_wconf 85' lang='lat' dir='ltr'>absenti,</span> <span class='ocrx_word' id='word_1_89' title='bbox 1180 1365 1236 1406; x_wconf 87' lang='lat' dir='ltr'>nec</span> <span class='ocrx_word' id='word_1_90' title='bbox 1249 1343 1414 1408; x_wconf 89' lang='lat' dir='ltr'>diuturna</span> 
     </span>
     <span class='ocr_line' id='line_1_13' title="bbox 293 1426 1413 1512; baseline -0.001 -21"><span class='ocrx_word' id='word_1_91' title='bbox 293 1429 363 1492; x_wconf 88' lang='lat' dir='ltr'>eius</span> <span class='ocrx_word' id='word_1_92' title='bbox 385 1431 440 1491; x_wconf 91' lang='lat' dir='ltr'>cui</span> <span class='ocrx_word' id='word_1_93' title='bbox 461 1427 592 1490; x_wconf 88' lang='lat' dir='ltr'>debetur</span> <span class='ocrx_word' id='word_1_94' title='bbox 614 1449 633 1488; x_wconf 91' lang='lat' dir='ltr'>a</span> <span class='ocrx_word' id='word_1_95' title='bbox 657 1428 777 1506; x_wconf 90' lang='lat' dir='ltr'>sentia,</span> <span class='ocrx_word' id='word_1_96' title='bbox 800 1449 857 1490; x_wconf 88' lang='lat' dir='ltr'>nec</span> <span class='ocrx_word' id='word_1_97' title='bbox 879 1426 971 1512; x_wconf 80' lang='lat' dir='ltr'>loapi</span> <span class='ocrx_word' id='word_1_98' title='bbox 992 1429 1144 1511; x_wconf 84' lang='lat' dir='ltr'>temporis</span> <span class='ocrx_word' id='word_1_99' title='bbox 1165 1429 1273 1492; x_wconf 86' lang='lat' dir='ltr'>taedio</span> <span class='ocrx_word' id='word_1_100' title='bbox 1295 1430 1413 1490; x_wconf 91' lang='lat' dir='ltr'>immu-</span> 
     </span>
     <span class='ocr_line' id='line_1_14' title="bbox 293 1506 1414 1596; baseline 0 -23"><span class='ocrx_word' id='word_1_101' title='bbox 293 1521 393 1574; x_wconf 81' lang='lat' dir='ltr'>tatur.</span> <span class='ocrx_word' id='word_1_102' title='bbox 441 1506 547 1582; x_wconf 81' lang='lat' dir='ltr'>Quum</span> <span class='ocrx_word' id='word_1_103' title='bbox 576 1509 672 1572; x_wconf 89' lang='lat' dir='ltr'>talem</span> <span class='ocrx_word' id='word_1_104' title='bbox 701 1531 756 1573; x_wconf 89' lang='lat' dir='ltr'>oos</span> <span class='ocrx_word' id='word_1_105' title='bbox 784 1510 877 1574; x_wconf 89' lang='lat' dir='ltr'>nobis</span> <span class='ocrx_word' id='word_1_106' title='bbox 906 1532 1037 1574; x_wconf 86' lang='lat' dir='ltr'>seruare</span> <span class='ocrx_word' id='word_1_107' title='bbox 1070 1513 1191 1575; x_wconf 89' lang='lat' dir='ltr'>scimus</span> <span class='ocrx_word' id='word_1_108' title='bbox 1225 1521 1254 1575; x_wconf 90' lang='lat' dir='ltr'>et</span> <span class='ocrx_word' id='word_1_109' title='bbox 1281 1513 1414 1596; x_wconf 77' lang='lat' dir='ltr'>pretias</span> 
     </span>
     <span class='ocr_line' id='line_1_15' title="bbox 295 1593 1415 1679; baseline -0.002 -21"><span class='ocrx_word' id='word_1_110' title='bbox 295 1597 440 1679; x_wconf 82' lang='lat' dir='ltr'>opimus,</span> <span class='ocrx_word' id='word_1_111' title='bbox 468 1603 496 1656; x_wconf 89' lang='lat' dir='ltr'>et</span> <span class='ocrx_word' id='word_1_112' title='bbox 518 1602 554 1656; x_wconf 88' lang='lat' dir='ltr'>ut</span> <span class='ocrx_word' id='word_1_113' title='bbox 575 1593 683 1656; x_wconf 89' lang='lat' dir='ltr'>eudem</span> <span class='ocrx_word' id='word_1_114' title='bbox 702 1603 886 1678; x_wconf 86' lang='lat' dir='ltr'>perseveret</span> <span class='ocrx_word' id='word_1_115' title='bbox 902 1595 1062 1677; x_wconf 82' lang='lat' dir='ltr'>petimus,</span> <span class='ocrx_word' id='word_1_116' title='bbox 1088 1595 1235 1659; x_wconf 87' lang='lat' dir='ltr'>uidelicet</span> <span class='ocrx_word' id='word_1_117' title='bbox 1256 1604 1305 1674; x_wconf 92' lang='lat' dir='ltr'>ut,</span> <span class='ocrx_word' id='word_1_118' title='bbox 1329 1597 1415 1658; x_wconf 86' lang='lat' dir='ltr'>sicut</span> 
     </span>
     <span class='ocr_line' id='line_1_16' title="bbox 284 1676 1414 1763; baseline 0 -23"><span class='ocrx_word' id='word_1_119' title='bbox 284 1676 417 1762; x_wconf 85' lang='lat' dir='ltr'>facitis,</span> <span class='ocrx_word' id='word_1_120' title='bbox 441 1677 555 1740; x_wconf 90' lang='lat' dir='ltr'>amicis</span> <span class='ocrx_word' id='word_1_121' title='bbox 577 1679 698 1740; x_wconf 90' lang='lat' dir='ltr'>nostris</span> <span class='ocrx_word' id='word_1_122' title='bbox 715 1679 822 1759; x_wconf 90' lang='lat' dir='ltr'>amici,</span> <span class='ocrx_word' id='word_1_123' title='bbox 845 1677 990 1742; x_wconf 88' lang='lat' dir='ltr'>inimicis</span> <span class='ocrx_word' id='word_1_124' title='bbox 1009 1681 1131 1742; x_wconf 87' lang='lat' dir='ltr'>nostris</span> <span class='ocrx_word' id='word_1_125' title='bbox 1146 1681 1275 1742; x_wconf 90' lang='lat' dir='ltr'>inimici</span> <span class='ocrx_word' id='word_1_126' title='bbox 1289 1681 1414 1763; x_wconf 79' lang='lat' dir='ltr'>iupiter</span> 
     </span>
     <span class='ocr_line' id='line_1_17' title="bbox 294 1760 1415 1845; baseline 0.001 -21"><span class='ocrx_word' id='word_1_127' title='bbox 294 1761 453 1826; x_wconf 73' lang='lat' dir='ltr'>edistatis.</span> <span class='ocrx_word' id='word_1_128' title='bbox 496 1760 586 1824; x_wconf 90' lang='lat' dir='ltr'>Inter</span> <span class='ocrx_word' id='word_1_129' title='bbox 608 1783 687 1845; x_wconf 82' lang='lat' dir='ltr'>quos</span> <span class='ocrx_word' id='word_1_130' title='bbox 710 1761 829 1827; x_wconf 88' lang='lat' dir='ltr'>scilicet</span> <span class='ocrx_word' id='word_1_131' title='bbox 852 1761 1116 1826; x_wconf 88' lang='lat' dir='ltr'>Hildebrandum</span> <span class='ocrx_word' id='word_1_132' title='bbox 1141 1763 1335 1826; x_wconf 87' lang='lat' dir='ltr'>monacbum</span> <span class='ocrx_word' id='word_1_133' title='bbox 1357 1783 1415 1825; x_wconf 90' lang='lat' dir='ltr'>no·</span> 
     </span>
     <span class='ocr_line' id='line_1_18' title="bbox 294 1845 1415 1930; baseline -0.001 -22"><span class='ocrx_word' id='word_1_134' title='bbox 294 1854 415 1924; x_wconf 88' lang='lat' dir='ltr'>tontes,</span> <span class='ocrx_word' id='word_1_135' title='bbox 446 1867 502 1908; x_wconf 87' lang='lat' dir='ltr'>uos</span> <span class='ocrx_word' id='word_1_136' title='bbox 531 1845 568 1908; x_wconf 89' lang='lat' dir='ltr'>in</span> <span class='ocrx_word' id='word_1_137' title='bbox 597 1848 666 1909; x_wconf 89' lang='lat' dir='ltr'>eius</span> <span class='ocrx_word' id='word_1_138' title='bbox 692 1846 903 1910; x_wconf 73' lang='lat' dir='ltr'>inimicitiam</span> <span class='ocrx_word' id='word_1_139' title='bbox 931 1848 1125 1926; x_wconf 71' lang='lat' dir='ltr'>annitamur,</span> <span class='ocrx_word' id='word_1_140' title='bbox 1157 1849 1238 1930; x_wconf 83' lang='lat' dir='ltr'>qaia</span> <span class='ocrx_word' id='word_1_141' title='bbox 1268 1847 1354 1909; x_wconf 86' lang='lat' dir='ltr'>bunc</span> <span class='ocrx_word' id='word_1_142' title='bbox 1385 1855 1415 1908; x_wconf 88' lang='lat' dir='ltr'>et</span> 
     </span>
     <span class='ocr_line' id='line_1_19' title="bbox 295 1929 1415 2014; baseline 0.001 -21"><span class='ocrx_word' id='word_1_143' title='bbox 295 1929 446 1994; x_wconf 88' lang='lat' dir='ltr'>ecclesiae</span> <span class='ocrx_word' id='word_1_144' title='bbox 468 1930 653 1992; x_wconf 88' lang='lat' dir='ltr'>invasorem</span> <span class='ocrx_word' id='word_1_145' title='bbox 668 1939 697 1991; x_wconf 92' lang='lat' dir='ltr'>et</span> <span class='ocrx_word' id='word_1_146' title='bbox 712 1951 942 2012; x_wconf 73' lang='lat' dir='ltr'>oppressorem,</span> <span class='ocrx_word' id='word_1_147' title='bbox 966 1939 994 1992; x_wconf 89' lang='lat' dir='ltr'>et</span> <span class='ocrx_word' id='word_1_148' title='bbox 1008 1931 1179 1994; x_wconf 80' lang='lat' dir='ltr'>Romanae</span> <span class='ocrx_word' id='word_1_149' title='bbox 1193 1932 1243 1994; x_wconf 89' lang='lat' dir='ltr'>rei</span> <span class='ocrx_word' id='word_1_150' title='bbox 1260 1929 1415 2014; x_wconf 85' lang='lat' dir='ltr'>publicae</span> 
     </span>
     <span class='ocr_line' id='line_1_20' title="bbox 294 2013 1413 2098; baseline -0.002 -21"><span class='ocrx_word' id='word_1_151' title='bbox 294 2013 343 2077; x_wconf 86' lang='lat' dir='ltr'>vel</span> <span class='ocrx_word' id='word_1_152' title='bbox 365 2016 461 2097; x_wconf 77' lang='lat' dir='ltr'>repni</span> <span class='ocrx_word' id='word_1_153' title='bbox 482 2015 587 2076; x_wconf 80' lang='lat' dir='ltr'>nostri</span> <span class='ocrx_word' id='word_1_154' title='bbox 607 2013 836 2077; x_wconf 80' lang='lat' dir='ltr'>insidiatorem</span> <span class='ocrx_word' id='word_1_155' title='bbox 857 2014 1159 2098; x_wconf 70' lang='lat' dir='ltr'>deprehendimusd,</span> <span class='ocrx_word' id='word_1_156' title='bbox 1189 2015 1282 2077; x_wconf 91' lang='lat' dir='ltr'>utin</span> <span class='ocrx_word' id='word_1_157' title='bbox 1305 2013 1413 2077; x_wconf 85' lang='lat' dir='ltr'>subsc-</span> 
     </span>
     <span class='ocr_line' id='line_1_21' title="bbox 295 2095 1414 2184; baseline -0.001 -23"><span class='ocrx_word' id='word_1_158' title='bbox 295 2099 406 2184; x_wconf 81' lang='lat' dir='ltr'>quenti</span> <span class='ocrx_word' id='word_1_159' title='bbox 419 2095 557 2180; x_wconf 87' lang='lat' dir='ltr'>epistola</span> <span class='ocrx_word' id='word_1_160' title='bbox 572 2096 636 2160; x_wconf 89' lang='lat' dir='ltr'>sibi</span> <span class='ocrx_word' id='word_1_161' title='bbox 651 2121 672 2159; x_wconf 93' lang='lat' dir='ltr'>a</span> <span class='ocrx_word' id='word_1_162' title='bbox 687 2098 779 2161; x_wconf 91' lang='lat' dir='ltr'>nobis</span> <span class='ocrx_word' id='word_1_163' title='bbox 796 2097 920 2160; x_wconf 87' lang='lat' dir='ltr'>directa</span> <span class='ocrx_word' id='word_1_164' title='bbox 960 2119 1126 2162; x_wconf 90' lang='lat' dir='ltr'>ernoscere</span> <span class='ocrx_word' id='word_1_165' title='bbox 1140 2100 1177 2160; x_wconf 89' lang='lat' dir='ltr'>in</span> <span class='ocrx_word' id='word_1_166' title='bbox 1216 2106 1322 2161; x_wconf 86' lang='lat' dir='ltr'>romtu</span> <span class='ocrx_word' id='word_1_167' title='bbox 1337 2107 1414 2160; x_wconf 65' lang='lat' dir='ltr'>ests.</span> 
     </span>
    </p>

    <p class='ocr_par' dir='ltr' id='par_1_4' title="bbox 290 2121 1533 3773">
     <span class='ocr_line' id='line_1_22' title="bbox 380 2121 1414 2264; baseline 0.001 -22"><span class='ocrx_word' id='word_1_168' title='bbox 380 2179 588 2244; x_wconf 77' lang='lat' dir='ltr'>‘Heinricusf</span> <span class='ocrx_word' id='word_1_169' title='bbox 602 2181 668 2243; x_wconf 90' lang='lat' dir='ltr'>Dei</span> <span class='ocrx_word' id='word_1_170' title='bbox 686 2185 799 2264; x_wconf 74' lang='lat' dir='ltr'>pratia</span> <span class='ocrx_word' id='word_1_171' title='bbox 814 2202 873 2242; x_wconf 80' lang='lat' dir='ltr'>reu</span> <span class='ocrx_word' id='word_1_172' title='bbox 889 2121 1127 2245; x_wconf 75' lang='lat' dir='ltr'>Hildebrando.</span> <span class='ocrx_word' id='word_1_173' title='bbox 1163 2121 1242 2247; x_wconf 70' lang='lat' dir='ltr'>cim</span> <span class='ocrx_word' id='word_1_174' title='bbox 1257 2181 1414 2245; x_wconf 78' lang='lat' dir='ltr'>kactenus</span> 
     </span>
     <span class='ocr_line' id='line_1_23' title="bbox 295 2265 1413 2350; baseline 0.001 -24"><span class='ocrx_word' id='word_1_175' title='bbox 295 2285 335 2326; x_wconf 84' lang='lat' dir='ltr'>erc</span> <span class='ocrx_word' id='word_1_176' title='bbox 364 2273 392 2327; x_wconf 86' lang='lat' dir='ltr'>te</span> <span class='ocrx_word' id='word_1_177' title='bbox 413 2287 452 2327; x_wconf 91' lang='lat' dir='ltr'>eo</span> <span class='ocrx_word' id='word_1_178' title='bbox 496 2286 558 2326; x_wconf 90' lang='lat' dir='ltr'>uae</span> <span class='ocrx_word' id='word_1_179' title='bbox 582 2265 695 2347; x_wconf 89' lang='lat' dir='ltr'>patris</span> <span class='ocrx_word' id='word_1_180' title='bbox 716 2273 792 2327; x_wconf 88' lang='lat' dir='ltr'>sunt</span> <span class='ocrx_word' id='word_1_181' title='bbox 813 2273 1030 2347; x_wconf 82' lang='lat' dir='ltr'>eupectarem,</span> <span class='ocrx_word' id='word_1_182' title='bbox 1058 2266 1179 2350; x_wconf 83' lang='lat' dir='ltr'>tibique</span> <span class='ocrx_word' id='word_1_183' title='bbox 1204 2268 1242 2329; x_wconf 89' lang='lat' dir='ltr'>iu</span> <span class='ocrx_word' id='word_1_184' title='bbox 1266 2265 1413 2330; x_wconf 83' lang='lat' dir='ltr'>omnibns</span> 
     </span>
     <span class='ocr_line' id='line_1_24' title="bbox 295 2286 1487 2433; baseline 0.001 -23"><span class='ocrx_word' id='word_1_185' title='bbox 295 2369 419 2432; x_wconf 75' lang='lat' dir='ltr'>mapna</span> <span class='ocrx_word' id='word_1_186' title='bbox 434 2286 586 2427; x_wconf 82' lang='lat' dir='ltr'>fidelium</span> <span class='ocrx_word' id='word_1_187' title='bbox 608 2356 792 2411; x_wconf 88' lang='lat' dir='ltr'>nostrorum</span> <span class='ocrx_word' id='word_1_188' title='bbox 822 2349 1053 2432; x_wconf 83' lang='lat' dir='ltr'>indipnatione</span> <span class='ocrx_word' id='word_1_189' title='bbox 1077 2350 1251 2429; x_wconf 82' lang='lat' dir='ltr'>obedirem,</span> <span class='ocrx_word' id='word_1_190' title='bbox 1275 2349 1415 2433; x_wconf 75' lang='lat' dir='ltr'>percepi</span> <span class='ocrx_word' id='word_1_191' title='bbox 1483 2347 1487 2353; x_wconf 73' lang='grc'>’</span> 
     </span>
     <span class='ocr_line' id='line_1_25' title="bbox 297 2429 1415 2517; baseline 0.002 -23"><span class='ocrx_word' id='word_1_192' title='bbox 297 2453 319 2494; x_wconf 88' lang='grc' dir='ltr'><em>α</em></span> <span class='ocrx_word' id='word_1_193' title='bbox 341 2441 388 2492; x_wconf 71' lang='lat' dir='ltr'>tet</span> <span class='ocrx_word' id='word_1_194' title='bbox 419 2430 692 2511; x_wconf 87' lang='lat' dir='ltr'>uicissitudinem,</span> <span class='ocrx_word' id='word_1_195' title='bbox 727 2429 853 2515; x_wconf 82' lang='lat' dir='ltr'>qualem</span> <span class='ocrx_word' id='word_1_196' title='bbox 886 2433 1050 2516; x_wconf 77' lang='lat' dir='ltr'>oportebat</span> <span class='ocrx_word' id='word_1_197' title='bbox 1083 2433 1123 2496; x_wconf 87' lang='lat' dir='ltr'>ab</span> <span class='ocrx_word' id='word_1_198' title='bbox 1156 2455 1209 2511; x_wconf 87' lang='lat' dir='ltr'>eo,</span> <span class='ocrx_word' id='word_1_199' title='bbox 1242 2434 1299 2517; x_wconf 83' lang='lat' dir='ltr'>qui</span> <span class='ocrx_word' id='word_1_200' title='bbox 1328 2435 1415 2496; x_wconf 88' lang='lat' dir='ltr'>vitoe</span> 
     </span>
     <span class='ocr_line' id='line_1_26' title="bbox 295 2515 1415 2599; baseline 0.002 -23"><span class='ocrx_word' id='word_1_201' title='bbox 295 2522 450 2599; x_wconf 64' lang='lat' dir='ltr'>reumque</span> <span class='ocrx_word' id='word_1_202' title='bbox 472 2515 578 2578; x_wconf 88' lang='lat' dir='ltr'>nostri</span> <span class='ocrx_word' id='word_1_203' title='bbox 594 2517 895 2598; x_wconf 85' lang='lat' dir='ltr'>perniciosissimus</span> <span class='ocrx_word' id='word_1_204' title='bbox 916 2516 1017 2580; x_wconf 86' lang='lat' dir='ltr'>bostis</span> <span class='ocrx_word' id='word_1_205' title='bbox 1045 2526 1131 2580; x_wconf 85' lang='lat' dir='ltr'>esset.</span> <span class='ocrx_word' id='word_1_206' title='bbox 1174 2517 1263 2579; x_wconf 91' lang='lat' dir='ltr'>Nam</span> <span class='ocrx_word' id='word_1_207' title='bbox 1284 2539 1356 2580; x_wconf 91' lang='lat' dir='ltr'>cum</span> <span class='ocrx_word' id='word_1_208' title='bbox 1377 2517 1415 2579; x_wconf 88' lang='lat' dir='ltr'>iu</span> 
     </span>
     <span class='ocr_line' id='line_1_27' title="bbox 290 2599 1415 2685; baseline 0.003 -25"><span class='ocrx_word' id='word_1_209' title='bbox 290 2599 413 2682; x_wconf 88' lang='lat' dir='ltr'>primis</span> <span class='ocrx_word' id='word_1_210' title='bbox 436 2621 558 2662; x_wconf 90' lang='lat' dir='ltr'>omnem</span> <span class='ocrx_word' id='word_1_211' title='bbox 581 2599 816 2664; x_wconf 88' lang='lat' dir='ltr'>bereditarium</span> <span class='ocrx_word' id='word_1_212' title='bbox 839 2600 1040 2685; x_wconf 71' lang='lat' dir='ltr'>dipuitatem,</span> <span class='ocrx_word' id='word_1_213' title='bbox 1063 2623 1147 2685; x_wconf 85' lang='lat' dir='ltr'>quae</span> <span class='ocrx_word' id='word_1_214' title='bbox 1168 2599 1268 2664; x_wconf 76' lang='lat' dir='ltr'>michi</span> <span class='ocrx_word' id='word_1_215' title='bbox 1291 2599 1415 2663; x_wconf 88' lang='lat' dir='ltr'>abillo</span> 
     </span>
     <span class='ocr_line' id='line_1_28' title="bbox 296 2682 1416 2770; baseline 0.004 -26"><span class='ocrx_word' id='word_1_216' title='bbox 296 2682 368 2745; x_wconf 90' lang='lat' dir='ltr'>sede</span> <span class='ocrx_word' id='word_1_217' title='bbox 390 2682 578 2762; x_wconf 86' lang='lat' dir='ltr'>debebatur,</span> <span class='ocrx_word' id='word_1_218' title='bbox 609 2705 649 2746; x_wconf 91' lang='lat' dir='ltr'>su</span> <span class='ocrx_word' id='word_1_219' title='bbox 675 2683 746 2746; x_wconf 87' lang='lat' dir='ltr'>erbo</span> <span class='ocrx_word' id='word_1_220' title='bbox 770 2706 856 2746; x_wconf 88' lang='lat' dir='ltr'>ausu</span> <span class='ocrx_word' id='word_1_221' title='bbox 877 2685 1062 2768; x_wconf 79' lang='lat' dir='ltr'>rapuisses,</span> <span class='ocrx_word' id='word_1_222' title='bbox 1087 2685 1220 2770; x_wconf 77' lang='lat' dir='ltr'>loupius</span> <span class='ocrx_word' id='word_1_223' title='bbox 1241 2683 1319 2748; x_wconf 88' lang='lat' dir='ltr'>iude</span> <span class='ocrx_word' id='word_1_224' title='bbox 1335 2706 1416 2768; x_wconf 90' lang='lat' dir='ltr'>pro-</span> 
     </span>
     <span class='ocr_line' id='line_1_29' title="bbox 296 2705 1413 2913; baseline 0 -85"><span class='ocrx_word' id='word_1_225' title='bbox 296 2767 449 2913; x_wconf 54' lang='lat' dir='ltr'>ppediens</span> <span class='ocrx_word' id='word_1_226' title='bbox 469 2789 607 2852; x_wconf 78' lang='lat' dir='ltr'>repnum</span> <span class='ocrx_word' id='word_1_227' title='bbox 630 2705 748 2832; x_wconf 68' lang='lat' dir='ltr'>ileliae</span> <span class='ocrx_word' id='word_1_228' title='bbox 765 2769 920 2852; x_wconf 87' lang='lat' dir='ltr'>pessimis</span> <span class='ocrx_word' id='word_1_229' title='bbox 937 2769 1063 2833; x_wconf 78' lang='lat' dir='ltr'>artabas</span> <span class='ocrx_word' id='word_1_230' title='bbox 1079 2769 1226 2831; x_wconf 88' lang='lat' dir='ltr'>alienare</span> <span class='ocrx_word' id='word_1_231' title='bbox 1241 2771 1413 2850; x_wconf 85' lang='lat' dir='ltr'>temptasti.</span> 
     </span>
     <span class='ocr_line' id='line_1_30' title="bbox 331 2851 1415 2936; baseline 0.001 -23"><span class='ocrx_word' id='word_1_232' title='bbox 331 2873 364 2913; x_wconf 93' lang='lat' dir='ltr'>ec</span> <span class='ocrx_word' id='word_1_233' title='bbox 388 2851 445 2914; x_wconf 86' lang='lat' dir='ltr'>boc</span> <span class='ocrx_word' id='word_1_234' title='bbox 468 2859 634 2914; x_wconf 89' lang='lat' dir='ltr'>contentus</span> <span class='ocrx_word' id='word_1_235' title='bbox 661 2853 699 2914; x_wconf 89' lang='lat' dir='ltr'>in</span> <span class='ocrx_word' id='word_1_236' title='bbox 727 2852 1001 2916; x_wconf 87' lang='lat' dir='ltr'>reverentissimos</span> <span class='ocrx_word' id='word_1_237' title='bbox 1030 2855 1214 2936; x_wconf 87' lang='lat' dir='ltr'>episcopos,</span> <span class='ocrx_word' id='word_1_238' title='bbox 1243 2853 1301 2935; x_wconf 77' lang='lat' dir='ltr'>qui</span> <span class='ocrx_word' id='word_1_239' title='bbox 1322 2851 1415 2914; x_wconf 87' lang='lat' dir='ltr'>nobis</span> 
     </span>
     <span class='ocr_line' id='line_1_31' title="bbox 295 2933 1414 3018; baseline 0.003 -23"><span class='ocrx_word' id='word_1_240' title='bbox 295 2933 380 2996; x_wconf 87' lang='lat' dir='ltr'>uelut</span> <span class='ocrx_word' id='word_1_241' title='bbox 411 2933 602 2998; x_wconf 88' lang='lat' dir='ltr'>dulcissima</span> <span class='ocrx_word' id='word_1_242' title='bbox 629 2934 770 2998; x_wconf 89' lang='lat' dir='ltr'>membra</span> <span class='ocrx_word' id='word_1_243' title='bbox 799 2936 887 2998; x_wconf 91' lang='lat' dir='ltr'>uniti</span> <span class='ocrx_word' id='word_1_244' title='bbox 915 2946 1008 3018; x_wconf 89' lang='lat' dir='ltr'>sunt,</span> <span class='ocrx_word' id='word_1_245' title='bbox 1041 2959 1176 2999; x_wconf 88' lang='lat' dir='ltr'>monum</span> <span class='ocrx_word' id='word_1_246' title='bbox 1202 2938 1324 3000; x_wconf 75' lang='lat' dir='ltr'>mittere</span> <span class='ocrx_word' id='word_1_247' title='bbox 1346 2956 1414 2998; x_wconf 88' lang='lat' dir='ltr'>non</span> 
     </span>
     <span class='ocr_line' id='line_1_32' title="bbox 296 3017 1415 3102; baseline 0.001 -24"><span class='ocrx_word' id='word_1_248' title='bbox 296 3017 435 3080; x_wconf 79' lang='lat' dir='ltr'>timuisti</span> <span class='ocrx_word' id='word_1_249' title='bbox 461 3039 573 3101; x_wconf 77' lang='lat' dir='ltr'>eosque</span> <span class='ocrx_word' id='word_1_250' title='bbox 593 3019 834 3100; x_wconf 77' lang='lat' dir='ltr'>superbissimis</span> <span class='ocrx_word' id='word_1_251' title='bbox 849 3020 986 3082; x_wconf 87' lang='lat' dir='ltr'>iniuriis</span> <span class='ocrx_word' id='word_1_252' title='bbox 1003 3020 1280 3102; x_wconf 79' lang='lat' dir='ltr'>acerbissimisque</span> <span class='ocrx_word' id='word_1_253' title='bbox 1302 3027 1415 3082; x_wconf 89' lang='lat' dir='ltr'>contu·</span> 
     </span>
     <span class='ocr_line' id='line_1_33' title="bbox 297 3101 1533 3187; baseline 0.001 -24"><span class='ocrx_word' id='word_1_254' title='bbox 297 3101 400 3166; x_wconf 89' lang='lat' dir='ltr'>meliis</span> <span class='ocrx_word' id='word_1_255' title='bbox 422 3109 537 3163; x_wconf 90' lang='lat' dir='ltr'>contra</span> <span class='ocrx_word' id='word_1_256' title='bbox 559 3101 677 3164; x_wconf 88' lang='lat' dir='ltr'>diuina</span> <span class='ocrx_word' id='word_1_257' title='bbox 699 3110 728 3163; x_wconf 88' lang='lat' dir='ltr'>et</span> <span class='ocrx_word' id='word_1_258' title='bbox 755 3103 903 3164; x_wconf 85' lang='lat' dir='ltr'>bumana</span> <span class='ocrx_word' id='word_1_259' title='bbox 928 3103 1020 3184; x_wconf 87' lang='lat' dir='ltr'>iura,</span> <span class='ocrx_word' id='word_1_260' title='bbox 1048 3113 1084 3166; x_wconf 88' lang='lat' dir='ltr'>ut</span> <span class='ocrx_word' id='word_1_261' title='bbox 1105 3105 1173 3187; x_wconf 88' lang='lat' dir='ltr'>ipsi</span> <span class='ocrx_word' id='word_1_262' title='bbox 1195 3103 1308 3182; x_wconf 89' lang='lat' dir='ltr'>aiunt,</span> <span class='ocrx_word' id='word_1_263' title='bbox 1335 3123 1413 3164; x_wconf 82' lang='lat' dir='ltr'>eoca-</span> <span class='ocrx_word' id='word_1_264' title='bbox 1490 3131 1493 3136; x_wconf 92' lang='lat'>·</span> <span class='ocrx_word' id='word_1_265' title='bbox 1530 3115 1533 3123; x_wconf 68' lang='lat'><strong><em>⁴</em></strong></span> 
     </span>
     <span class='ocr_line' id='line_1_34' title="bbox 296 3181 1414 3272; baseline 0.001 -25"><span class='ocrx_word' id='word_1_266' title='bbox 296 3183 441 3270; x_wconf 65' lang='lat' dir='ltr'>pilastih.</span> <span class='ocrx_word' id='word_1_267' title='bbox 457 3181 548 3256; x_wconf 81' lang='lat' dir='ltr'>Quae</span> <span class='ocrx_word' id='word_1_268' title='bbox 557 3186 667 3247; x_wconf 88' lang='lat' dir='ltr'>omnia</span> <span class='ocrx_word' id='word_1_269' title='bbox 678 3207 778 3248; x_wconf 90' lang='lat' dir='ltr'>cume</span> <span class='ocrx_word' id='word_1_270' title='bbox 803 3187 978 3272; x_wconf 81' lang='lat' dir='ltr'>oquadom</span> <span class='ocrx_word' id='word_1_271' title='bbox 984 3189 1152 3270; x_wconf 86' lang='lat' dir='ltr'>patientia</span> <span class='ocrx_word' id='word_1_272' title='bbox 1164 3185 1414 3265; x_wconf 77' lang='lat' dir='ltr'>dissimularem,</span> 
     </span>
     <span class='ocr_line' id='line_1_35' title="bbox 295 3208 1414 3355; baseline 0.004 -26"><span class='ocrx_word' id='word_1_273' title='bbox 295 3269 411 3331; x_wconf 84' lang='lat' dir='ltr'>tuboe</span> <span class='ocrx_word' id='word_1_274' title='bbox 434 3289 500 3330; x_wconf 91' lang='lat' dir='ltr'>non</span> <span class='ocrx_word' id='word_1_275' title='bbox 518 3269 718 3350; x_wconf 88' lang='lat' dir='ltr'>patientiam</span> <span class='ocrx_word' id='word_1_276' title='bbox 740 3208 801 3332; x_wconf 82' lang='lat' dir='ltr'>sed</span> <span class='ocrx_word' id='word_1_277' title='bbox 816 3272 989 3355; x_wconf 74' lang='lat' dir='ltr'>ipnooiam</span> <span class='ocrx_word' id='word_1_278' title='bbox 1012 3269 1212 3350; x_wconf 66' lang='lat' dir='ltr'>aestimauit,</span> <span class='ocrx_word' id='word_1_279' title='bbox 1240 3271 1277 3334; x_wconf 92' lang='lat' dir='ltr'>in</span> <span class='ocrx_word' id='word_1_280' title='bbox 1305 3271 1414 3354; x_wconf 88' lang='lat' dir='ltr'>ipsum</span> 
     </span>
     <span class='ocr_line' id='line_1_36' title="bbox 297 3351 1415 3440; baseline 0.001 -25"><span class='ocrx_word' id='word_1_281' title='bbox 297 3360 398 3436; x_wconf 86' lang='lat' dir='ltr'>caput</span> <span class='ocrx_word' id='word_1_282' title='bbox 417 3353 590 3436; x_wconf 80' lang='lat' dir='ltr'>insurpere</span> <span class='ocrx_word' id='word_1_283' title='bbox 612 3373 715 3414; x_wconf 89' lang='lat' dir='ltr'>ausus</span> <span class='ocrx_word' id='word_1_284' title='bbox 738 3375 787 3432; x_wconf 92' lang='lat' dir='ltr'>es,</span> <span class='ocrx_word' id='word_1_285' title='bbox 815 3355 982 3418; x_wconf 89' lang='lat' dir='ltr'>mandans</span> <span class='ocrx_word' id='word_1_286' title='bbox 1005 3378 1088 3440; x_wconf 81' lang='lat' dir='ltr'>quae</span> <span class='ocrx_word' id='word_1_287' title='bbox 1110 3355 1211 3433; x_wconf 88' lang='lat' dir='ltr'>nosti,</span> <span class='ocrx_word' id='word_1_288' title='bbox 1237 3351 1359 3418; x_wconf 87' lang='lat' dir='ltr'>scilicet</span> <span class='ocrx_word' id='word_1_289' title='bbox 1379 3363 1415 3416; x_wconf 93' lang='lat' dir='ltr'>ut</span> 
     </span>
     <span class='ocr_line' id='line_1_37' title="bbox 297 3435 1415 3521; baseline 0.002 -23"><span class='ocrx_word' id='word_1_290' title='bbox 297 3437 363 3499; x_wconf 87' lang='lat' dir='ltr'>tuis</span> <span class='ocrx_word' id='word_1_291' title='bbox 385 3435 488 3500; x_wconf 87' lang='lat' dir='ltr'>uerbis</span> <span class='ocrx_word' id='word_1_292' title='bbox 510 3445 597 3516; x_wconf 90' lang='lat' dir='ltr'>utar,</span> <span class='ocrx_word' id='word_1_293' title='bbox 620 3436 707 3521; x_wconf 80' lang='lat' dir='ltr'>quod</span> <span class='ocrx_word' id='word_1_294' title='bbox 730 3447 788 3500; x_wconf 91' lang='lat' dir='ltr'>aut</span> <span class='ocrx_word' id='word_1_295' title='bbox 808 3447 844 3500; x_wconf 88' lang='lat' dir='ltr'>tu</span> <span class='ocrx_word' id='word_1_296' title='bbox 864 3441 1036 3501; x_wconf 89' lang='lat' dir='ltr'>morereris</span> <span class='ocrx_word' id='word_1_297' title='bbox 1064 3447 1122 3501; x_wconf 89' lang='lat' dir='ltr'>aut</span> <span class='ocrx_word' id='word_1_298' title='bbox 1146 3438 1246 3502; x_wconf 89' lang='lat' dir='ltr'>micbi</span> <span class='ocrx_word' id='word_1_299' title='bbox 1268 3439 1415 3502; x_wconf 89' lang='lat' dir='ltr'>animam</span> 
     </span>
     <span class='ocr_line' id='line_1_38' title="bbox 297 3519 1414 3606; baseline 0.003 -25"><span class='ocrx_word' id='word_1_300' title='bbox 297 3541 494 3604; x_wconf 74' lang='lat' dir='ltr'>repnumque</span> <span class='ocrx_word' id='word_1_301' title='bbox 516 3519 650 3583; x_wconf 86' lang='lat' dir='ltr'>tolleres.</span> <span class='ocrx_word' id='word_1_302' title='bbox 687 3521 785 3584; x_wconf 90' lang='lat' dir='ltr'>Hanc</span> <span class='ocrx_word' id='word_1_303' title='bbox 807 3522 997 3584; x_wconf 86' lang='lat' dir='ltr'>inauditam</span> <span class='ocrx_word' id='word_1_304' title='bbox 1012 3523 1250 3586; x_wconf 89' lang='lat' dir='ltr'>contumaciam</span> <span class='ocrx_word' id='word_1_305' title='bbox 1266 3542 1323 3606; x_wconf 71' lang='lat' dir='ltr'>epo</span> <span class='ocrx_word' id='word_1_306' title='bbox 1346 3543 1414 3584; x_wconf 92' lang='lat' dir='ltr'>non</span> 
     </span>
     <span class='ocr_line' id='line_1_39' title="bbox 295 3602 1415 3691; baseline 0.001 -26"><span class='ocrx_word' id='word_1_307' title='bbox 295 3602 401 3665; x_wconf 87' lang='lat' dir='ltr'>uerbis</span> <span class='ocrx_word' id='word_1_308' title='bbox 416 3603 472 3666; x_wconf 89' lang='lat' dir='ltr'>sed</span> <span class='ocrx_word' id='word_1_309' title='bbox 493 3625 527 3666; x_wconf 87' lang='lat' dir='ltr'>re</span> <span class='ocrx_word' id='word_1_310' title='bbox 544 3603 781 3687; x_wconf 87' lang='lat' dir='ltr'>confutandam</span> <span class='ocrx_word' id='word_1_311' title='bbox 798 3605 1001 3686; x_wconf 85' lang='lat' dir='ltr'>diiu-dieans,</span> <span class='ocrx_word' id='word_1_312' title='bbox 1024 3605 1207 3691; x_wconf 75' lang='lat' dir='ltr'>peneralem</span> <span class='ocrx_word' id='word_1_313' title='bbox 1223 3613 1415 3668; x_wconf 89' lang='lat' dir='ltr'>conuentum</span> 
     </span>
     <span class='ocr_line' id='line_1_40' title="bbox 298 3687 1416 3773; baseline 0.001 -24"><span class='ocrx_word' id='word_1_314' title='bbox 298 3687 441 3750; x_wconf 88' lang='lat' dir='ltr'>omnium</span> <span class='ocrx_word' id='word_1_315' title='bbox 468 3688 565 3770; x_wconf 75' lang='lat' dir='ltr'>repni</span> <span class='ocrx_word' id='word_1_316' title='bbox 588 3689 768 3768; x_wconf 89' lang='lat' dir='ltr'>primatum</span> <span class='ocrx_word' id='word_1_317' title='bbox 793 3689 879 3772; x_wconf 92' lang='lat' dir='ltr'>ipsis</span> <span class='ocrx_word' id='word_1_318' title='bbox 908 3689 1170 3773; x_wconf 79' lang='lat' dir='ltr'>supplicantibus</span> <span class='ocrx_word' id='word_1_319' title='bbox 1192 3688 1303 3751; x_wconf 85' lang='lat' dir='ltr'>babai.</span> <span class='ocrx_word' id='word_1_320' title='bbox 1354 3687 1416 3751; x_wconf 88' lang='lat' dir='ltr'>Ubi</span> 
     </span>
    </p>
   </div>
   <div class='ocr_carea' id='block_1_3' title="bbox 297 3769 1415 3914">
    <p class='ocr_par' dir='ltr' id='par_1_5' title="bbox 297 3769 1415 3914">
     <span class='ocr_line' id='line_1_41' title="bbox 297 3769 1415 3914; baseline 0.002 -82"><span class='ocrx_word' id='word_1_321' title='bbox 297 3791 369 3832; x_wconf 91' lang='lat' dir='ltr'>cum</span> <span class='ocrx_word' id='word_1_322' title='bbox 398 3791 437 3831; x_wconf 89' lang='lat' dir='ltr'>ea</span> <span class='ocrx_word' id='word_1_323' title='bbox 456 3789 548 3914; x_wconf 53' lang='lat' dir='ltr'>guae</span> <span class='ocrx_word' id='word_1_324' title='bbox 577 3769 734 3832; x_wconf 77' lang='lat' dir='ltr'>hactenus</span> <span class='ocrx_word' id='word_1_325' title='bbox 762 3780 847 3834; x_wconf 90' lang='lat' dir='ltr'>metu</span> <span class='ocrx_word' id='word_1_326' title='bbox 876 3781 905 3834; x_wconf 88' lang='lat' dir='ltr'>et</span> <span class='ocrx_word' id='word_1_327' title='bbox 934 3774 1115 3836; x_wconf 87' lang='lat' dir='ltr'>reuerentia</span> <span class='ocrx_word' id='word_1_328' title='bbox 1136 3773 1344 3851; x_wconf 86' lang='lat' dir='ltr'>tacebantur,</span> <span class='ocrx_word' id='word_1_329' title='bbox 1376 3772 1415 3834; x_wconf 92' lang='lat' dir='ltr'>in</span> 
     </span>
    </p>
   </div>
   <div class='ocr_carea' id='block_1_4' title="bbox 296 3851 1416 4106">
    <p class='ocr_par' dir='ltr' id='par_1_6' title="bbox 296 3851 1416 4106">
     <span class='ocr_line' id='line_1_42' title="bbox 296 3851 1416 3939; baseline 0.003 -24"><span class='ocrx_word' id='word_1_330' title='bbox 296 3851 434 3916; x_wconf 89' lang='lat' dir='ltr'>medium</span> <span class='ocrx_word' id='word_1_331' title='bbox 480 3852 596 3915; x_wconf 91' lang='lat' dir='ltr'>eductu</span> <span class='ocrx_word' id='word_1_332' title='bbox 608 3851 774 3935; x_wconf 85' lang='lat' dir='ltr'>fuissent,</span> <span class='ocrx_word' id='word_1_333' title='bbox 796 3857 882 3918; x_wconf 89' lang='lat' dir='ltr'>ueris</span> <span class='ocrx_word' id='word_1_334' title='bbox 905 3857 1139 3920; x_wconf 88' lang='lat' dir='ltr'>assertionibus</span> <span class='ocrx_word' id='word_1_335' title='bbox 1160 3855 1306 3934; x_wconf 89' lang='lat' dir='ltr'>illorum,</span> <span class='ocrx_word' id='word_1_336' title='bbox 1330 3877 1416 3939; x_wconf 78' lang='lat' dir='ltr'>quas</span> 
     </span>
     <span class='ocr_line' id='line_1_43' title="bbox 297 3934 1416 4038; baseline 0.001 -38"><span class='ocrx_word' id='word_1_337' title='bbox 297 3958 337 4000; x_wconf 82' lang='lat' dir='ltr'>eu</span> <span class='ocrx_word' id='word_1_338' title='bbox 358 3937 506 4019; x_wconf 82' lang='lat' dir='ltr'>ipsorum</span> <span class='ocrx_word' id='word_1_339' title='bbox 526 3934 641 3998; x_wconf 89' lang='lat' dir='ltr'>litteris</span> <span class='ocrx_word' id='word_1_340' title='bbox 665 3936 790 4018; x_wconf 88' lang='lat' dir='ltr'>audies,</span> <span class='ocrx_word' id='word_1_341' title='bbox 813 3939 933 4038; x_wconf 84' lang='lat' dir='ltr'>palam</span> <span class='ocrx_word' id='word_1_342' title='bbox 945 3939 1080 4024; x_wconf 87' lang='lat' dir='ltr'>factum</span> <span class='ocrx_word' id='word_1_343' title='bbox 1101 3949 1156 4020; x_wconf 90' lang='lat' dir='ltr'>est,</span> <span class='ocrx_word' id='word_1_344' title='bbox 1179 3948 1207 4002; x_wconf 90' lang='lat' dir='ltr'>te</span> <span class='ocrx_word' id='word_1_345' title='bbox 1228 3939 1416 4002; x_wconf 83' lang='lat' dir='ltr'>nuliatenus</span> 
     </span>
     <span class='ocr_line' id='line_1_44' title="bbox 296 4017 1416 4106; baseline 0 -21"><span class='ocrx_word' id='word_1_346' title='bbox 296 4023 333 4085; x_wconf 92' lang='lat' dir='ltr'>in</span> <span class='ocrx_word' id='word_1_347' title='bbox 350 4017 532 4104; x_wconf 88' lang='lat' dir='ltr'>apostolica</span> <span class='ocrx_word' id='word_1_348' title='bbox 546 4020 619 4083; x_wconf 88' lang='lat' dir='ltr'>sede</span> <span class='ocrx_word' id='word_1_349' title='bbox 629 4041 727 4104; x_wconf 88' lang='lat' dir='ltr'>posse</span> <span class='ocrx_word' id='word_1_350' title='bbox 738 4031 921 4104; x_wconf 80' lang='lat' dir='ltr'>persistere.</span> <span class='ocrx_word' id='word_1_351' title='bbox 962 4021 1109 4097; x_wconf 82' lang='lat' dir='ltr'>Quorum</span> <span class='ocrx_word' id='word_1_352' title='bbox 1125 4024 1311 4104; x_wconf 87' lang='lat' dir='ltr'>sentcntiae,</span> <span class='ocrx_word' id='word_1_353' title='bbox 1334 4024 1416 4106; x_wconf 81' lang='lat' dir='ltr'>quia</span> 
     </span>
    </p>
   </div>
   <div class='ocr_carea' id='block_1_5' title="bbox 296 4158 1416 4278">
    <p class='ocr_par' dir='ltr' id='par_1_7' title="bbox 296 4158 1416 4278">
     <span class='ocr_line' id='line_1_45' title="bbox 297 4158 1416 4220; baseline 0.004 -18"><span class='ocrx_word' id='word_1_354' title='bbox 297 4158 524 4215; x_wconf 76' lang='lat' dir='ltr'>s)n0n1¹’etedd.</span> <span class='ocrx_word' id='word_1_355' title='bbox 585 4161 608 4214; x_wconf 90' lang='lat' dir='ltr'>b)</span> <span class='ocrx_word' id='word_1_356' title='bbox 624 4165 652 4204; x_wconf 84' lang='lat' dir='ltr'>H.</span> <span class='ocrx_word' id='word_1_357' title='bbox 671 4166 691 4208; x_wconf 87' lang='lat'>1.</span> <span class='ocrx_word' id='word_1_358' title='bbox 751 4163 937 4217; x_wconf 65' lang='lat' dir='ltr'>dnouement.</span> <span class='ocrx_word' id='word_1_359' title='bbox 998 4166 1252 4220; x_wconf 75' lang='lat' dir='ltr'>d)ua2;compr.1.</span> <span class='ocrx_word' id='word_1_360' title='bbox 1314 4163 1337 4218; x_wconf 86' lang='lat' dir='ltr'>e)</span> <span class='ocrx_word' id='word_1_361' title='bbox 1353 4165 1416 4206; x_wconf 81' lang='lat' dir='ltr'>ticl</span> 
     </span>
     <span class='ocr_line' id='line_1_46' title="bbox 296 4223 1416 4278; baseline 0.004 -17"><span class='ocrx_word' id='word_1_362' title='bbox 296 4233 374 4262; x_wconf 82' lang='lat' dir='ltr'>novum</span> <span class='ocrx_word' id='word_1_363' title='bbox 390 4227 454 4272; x_wconf 80' lang='lat' dir='ltr'>caput</span> <span class='ocrx_word' id='word_1_364' title='bbox 470 4223 564 4265; x_wconf 81' lang='lat' dir='ltr'>orditur.</span> <span class='ocrx_word' id='word_1_365' title='bbox 609 4223 672 4276; x_wconf 72' lang='lat'>011.</span> <span class='ocrx_word' id='word_1_366' title='bbox 689 4225 710 4265; x_wconf 89' lang='lat'>1.</span> <span class='ocrx_word' id='word_1_367' title='bbox 762 4223 786 4277; x_wconf 71' lang='lat' dir='ltr'>g)</span> <span class='ocrx_word' id='word_1_368' title='bbox 803 4227 857 4267; x_wconf 78' lang='lat' dir='ltr'>deut</span> <span class='ocrx_word' id='word_1_369' title='bbox 875 4229 896 4270; x_wconf 88' lang='lat'>1.</span> <span class='ocrx_word' id='word_1_370' title='bbox 939 4224 963 4278; x_wconf 92' lang='lat' dir='ltr'>h)</span> <span class='ocrx_word' id='word_1_371' title='bbox 980 4227 1124 4269; x_wconf 80' lang='lat' dir='ltr'>exacerbasti</span> <span class='ocrx_word' id='word_1_372' title='bbox 1139 4227 1160 4268; x_wconf 76' lang='grc'>2.</span> <span class='ocrx_word' id='word_1_373' title='bbox 1206 4224 1223 4276; x_wconf 94' lang='lat' dir='ltr'>t)</span> <span class='ocrx_word' id='word_1_374' title='bbox 1241 4225 1377 4267; x_wconf 72' lang='lat' dir='ltr'>existimans</span> <span class='ocrx_word' id='word_1_375' title='bbox 1394 4225 1416 4266; x_wconf 73' lang='lat'>2.</span> 
     </span>
    </p>
   </div>
   <div class='ocr_carea' id='block_1_6' title="bbox 298 4325 783 4396">
    <p class='ocr_par' dir='ltr' id='par_1_8' title="bbox 298 4325 783 4396">
     <span class='ocr_line' id='line_1_47' title="bbox 298 4325 783 4396; baseline 0.014 -21"><span class='ocrx_word' id='word_1_376' title='bbox 298 4325 327 4395; x_wconf 94' lang='lat'>1)</span> <span class='ocrx_word' id='word_1_377' title='bbox 345 4345 370 4380; x_wconf 87' lang='lat' dir='ltr'>o.</span> <span class='ocrx_word' id='word_1_378' title='bbox 391 4325 491 4396; x_wconf 72' lang='lat' dir='ltr'>Lupum</span> <span class='ocrx_word' id='word_1_379' title='bbox 514 4327 543 4380; x_wconf 87' lang='lat' dir='ltr'>T.</span> <span class='ocrx_word' id='word_1_380' title='bbox 563 4327 604 4392; x_wconf 88' lang='grc' dir='ltr'>ΙΙ,</span> <span class='ocrx_word' id='word_1_381' title='bbox 619 4345 651 4394; x_wconf 90' lang='lat' dir='ltr'>p.</span> <span class='ocrx_word' id='word_1_382' title='bbox 670 4329 715 4379; x_wconf 84' lang='grc'>46.</span> <span class='ocrx_word' id='word_1_383' title='bbox 754 4329 783 4382; x_wconf 85' lang='lat' dir='ltr'>P.</span> 
     </span>
    </p>
   </div>
   <div class='ocr_carea' id='block_1_7' title="bbox 0 0 1554 4818">
    <p class='ocr_par' dir='ltr' id='par_1_9' title="bbox 0 0 1554 4818">
     <span class='ocr_line' id='line_1_48' title="bbox 0 0 1554 4818; baseline 0 0"><span class='ocrx_word' id='word_1_384' title='bbox 0 0 1554 4818; x_wconf 95' lang='lat' dir='ltr'> </span> 
     </span>
    </p>
   </div>
  </div>
 </body>
</html>
