<?xml version="1.0" encoding="UTF-8"?>
<!DOCTYPE html PUBLIC "-//W3C//DTD XHTML 1.0 Transitional//EN"
    "http://www.w3.org/TR/xhtml1/DTD/xhtml1-transitional.dtd">
<html xmlns="http://www.w3.org/1999/xhtml" xml:lang="en" lang="en">
 <head>
  <title>
</title>
<meta http-equiv="Content-Type" content="text/html;charset=utf-8" />
  <meta name='ocr-system' content='tesseract 3.04.00' />
  <meta name='ocr-capabilities' content='ocr_page ocr_carea ocr_par ocr_line ocrx_word'/>
</head>
<body>
  <div class='ocr_page' id='page_1' title='image "./waltramiutvidet01schwgoog_0071.png"; bbox 0 0 3116 4822; ppageno 0'>
   <div class='ocr_carea' id='block_1_1' title="bbox 351 408 1289 462">
    <p class='ocr_par' dir='ltr' id='par_1_1' title="bbox 351 408 1289 462">
     <span class='ocr_line' id='line_1_1' title="bbox 351 408 1289 462; baseline 0.002 -4"><span class='ocrx_word' id='word_1_1' title='bbox 351 408 402 458; x_wconf 76' lang='lat' dir='ltr'>Da</span> <span class='ocrx_word' id='word_1_2' title='bbox 421 408 580 459; x_wconf 81' lang='lat' dir='ltr'><strong>UNITATE</strong></span> <span class='ocrx_word' id='word_1_3' title='bbox 602 409 806 460; x_wconf 81' lang='lat' dir='ltr'><strong>ECOLESIAE</strong></span> <span class='ocrx_word' id='word_1_4' title='bbox 827 409 1104 462; x_wconf 77' lang='lat' dir='ltr'>CONSERVANDA.</span> <span class='ocrx_word' id='word_1_5' title='bbox 1253 409 1289 460; x_wconf 78' lang='lat'>4⁶</span> 
     </span>
    </p>
   </div>
   <div class='ocr_carea' id='block_1_2' title="bbox 170 574 1464 4012">
    <p class='ocr_par' dir='ltr' id='par_1_2' title="bbox 170 574 1289 662">
     <span class='ocr_line' id='line_1_2' title="bbox 170 574 1289 662; baseline 0.004 -24"><span class='ocrx_word' id='word_1_6' title='bbox 170 574 335 640; x_wconf 88' lang='lat' dir='ltr'>ecclesiam</span> <span class='ocrx_word' id='word_1_7' title='bbox 357 575 421 638; x_wconf 91' lang='lat' dir='ltr'>Dei</span> <span class='ocrx_word' id='word_1_8' title='bbox 442 583 540 660; x_wconf 90' lang='lat' dir='ltr'>atque</span> <span class='ocrx_word' id='word_1_9' title='bbox 562 596 630 640; x_wconf 91' lang='lat' dir='ltr'>rem</span> <span class='ocrx_word' id='word_1_10' title='bbox 652 575 815 661; x_wconf 76' lang='lat' dir='ltr'>publicam</span> <span class='ocrx_word' id='word_1_11' title='bbox 836 577 973 662; x_wconf 90' lang='lat' dir='ltr'>imperii,</span> <span class='ocrx_word' id='word_1_12' title='bbox 1007 577 1158 662; x_wconf 90' lang='lat' dir='ltr'>quoniam</span> <span class='ocrx_word' id='word_1_13' title='bbox 1180 588 1289 662; x_wconf 85' lang='lat' dir='ltr'>partes</span> 
     </span>
    </p>

    <p class='ocr_par' dir='ltr' id='par_1_3' title="bbox 170 658 1291 830">
     <span class='ocr_line' id='line_1_3' title="bbox 170 658 1289 746; baseline 0.004 -26"><span class='ocrx_word' id='word_1_14' title='bbox 170 659 243 724; x_wconf 90' lang='lat' dir='ltr'>inde</span> <span class='ocrx_word' id='word_1_15' title='bbox 266 659 450 744; x_wconf 82' lang='lat' dir='ltr'>segregavit</span> <span class='ocrx_word' id='word_1_16' title='bbox 476 658 549 724; x_wconf 90' lang='lat' dir='ltr'>sibi.</span> <span class='ocrx_word' id='word_1_17' title='bbox 591 661 680 725; x_wconf 83' lang='lat' dir='ltr'><strong>Inter</strong></span> <span class='ocrx_word' id='word_1_18' title='bbox 707 661 814 746; x_wconf 91' lang='lat' dir='ltr'>ipsum</span> <span class='ocrx_word' id='word_1_19' title='bbox 842 682 982 746; x_wconf 89' lang='lat' dir='ltr'>namque</span> <span class='ocrx_word' id='word_1_20' title='bbox 1010 669 1043 724; x_wconf 94' lang='lat' dir='ltr'>et</span> <span class='ocrx_word' id='word_1_21' title='bbox 1069 662 1153 727; x_wconf 91' lang='lat' dir='ltr'>inter</span> <span class='ocrx_word' id='word_1_22' title='bbox 1180 683 1289 744; x_wconf 89' lang='lat' dir='ltr'>regem</span> 
     </span>
     <span class='ocr_line' id='line_1_4' title="bbox 171 742 1291 830; baseline 0.004 -24"><span class='ocrx_word' id='word_1_23' title='bbox 171 742 371 808; x_wconf 88' lang='lat' dir='ltr'>Henrichum</span> <span class='ocrx_word' id='word_1_24' title='bbox 392 763 509 828; x_wconf 90' lang='lat' dir='ltr'>graves</span> <span class='ocrx_word' id='word_1_25' title='bbox 532 751 620 808; x_wconf 89' lang='lat' dir='ltr'>ortae</span> <span class='ocrx_word' id='word_1_26' title='bbox 642 755 715 808; x_wconf 87' lang='lat' dir='ltr'>sunt</span> <span class='ocrx_word' id='word_1_27' title='bbox 737 753 834 830; x_wconf 89' lang='lat' dir='ltr'>atque</span> <span class='ocrx_word' id='word_1_28' title='bbox 854 743 1069 810; x_wconf 84' lang='lat' dir='ltr'>inexorabiles</span> <span class='ocrx_word' id='word_1_29' title='bbox 1099 744 1291 825; x_wconf 80' lang='lat' dir='ltr'>discordiae,</span> 
     </span>
    </p>

    <p class='ocr_par' dir='ltr' id='par_1_4' title="bbox 171 825 1291 914">
     <span class='ocr_line' id='line_1_5' title="bbox 171 825 1291 914; baseline 0.003 -24"><span class='ocrx_word' id='word_1_30' title='bbox 171 849 255 912; x_wconf 87' lang='lat' dir='ltr'>papa</span> <span class='ocrx_word' id='word_1_31' title='bbox 275 825 449 912; x_wconf 85' lang='lat' dir='ltr'>plurimum</span> <span class='ocrx_word' id='word_1_32' title='bbox 469 828 644 909; x_wconf 80' lang='lat' dir='ltr'>annitente,</span> <span class='ocrx_word' id='word_1_33' title='bbox 673 837 711 892; x_wconf 92' lang='lat' dir='ltr'>ut</span> <span class='ocrx_word' id='word_1_34' title='bbox 730 851 789 893; x_wconf 88' lang='lat' dir='ltr'>rex</span> <span class='ocrx_word' id='word_1_35' title='bbox 811 827 1025 914; x_wconf 84' lang='lat' dir='ltr'>deponeretur</span> <span class='ocrx_word' id='word_1_36' title='bbox 1044 849 1065 890; x_wconf 92' lang='lat' dir='ltr'>a</span> <span class='ocrx_word' id='word_1_37' title='bbox 1084 829 1175 914; x_wconf 87' lang='lat' dir='ltr'>regia</span> <span class='ocrx_word' id='word_1_38' title='bbox 1203 838 1291 914; x_wconf 90' lang='lat' dir='ltr'>pote-</span> 
     </span>
    </p>

    <p class='ocr_par' dir='ltr' id='par_1_5' title="bbox 170 909 1291 996">
     <span class='ocr_line' id='line_1_6' title="bbox 170 909 1291 996; baseline 0.002 -22"><span class='ocrx_word' id='word_1_39' title='bbox 170 920 251 975; x_wconf 88' lang='lat' dir='ltr'>state</span> <span class='ocrx_word' id='word_1_40' title='bbox 265 911 386 996; x_wconf 90' lang='lat' dir='ltr'>pariter</span> <span class='ocrx_word' id='word_1_41' title='bbox 407 921 439 975; x_wconf 92' lang='lat' dir='ltr'>et</span> <span class='ocrx_word' id='word_1_42' title='bbox 460 909 625 996; x_wconf 85' lang='lat' dir='ltr'>dignitate,</span> <span class='ocrx_word' id='word_1_43' title='bbox 647 933 723 996; x_wconf 87' lang='lat' dir='ltr'>rege</span> <span class='ocrx_word' id='word_1_44' title='bbox 746 933 823 977; x_wconf 91' lang='lat' dir='ltr'>vero</span> <span class='ocrx_word' id='word_1_45' title='bbox 845 921 957 976; x_wconf 88' lang='lat' dir='ltr'>contra</span> <span class='ocrx_word' id='word_1_46' title='bbox 976 913 1108 995; x_wconf 87' lang='lat' dir='ltr'>nitente,</span> <span class='ocrx_word' id='word_1_47' title='bbox 1130 921 1166 976; x_wconf 93' lang='lat' dir='ltr'>ut</span> <span class='ocrx_word' id='word_1_48' title='bbox 1183 912 1291 977; x_wconf 85' lang='lat' dir='ltr'>defen-</span> 
     </span>
    </p>

    <p class='ocr_par' dir='ltr' id='par_1_6' title="bbox 170 993 1292 1166">
     <span class='ocr_line' id='line_1_7' title="bbox 170 993 1291 1083; baseline 0.003 -25"><span class='ocrx_word' id='word_1_49' title='bbox 170 994 260 1059; x_wconf 90' lang='lat' dir='ltr'>deret</span> <span class='ocrx_word' id='word_1_50' title='bbox 283 1017 317 1058; x_wconf 92' lang='lat' dir='ltr'>se</span> <span class='ocrx_word' id='word_1_51' title='bbox 338 993 380 1058; x_wconf 90' lang='lat' dir='ltr'>ab</span> <span class='ocrx_word' id='word_1_52' title='bbox 402 993 541 1060; x_wconf 90' lang='lat' dir='ltr'>hostium</span> <span class='ocrx_word' id='word_1_53' title='bbox 564 1017 693 1060; x_wconf 87' lang='lat' dir='ltr'>suorum</span> <span class='ocrx_word' id='word_1_54' title='bbox 723 997 1006 1078; x_wconf 84' lang='lat' dir='ltr'>circumventione,</span> <span class='ocrx_word' id='word_1_55' title='bbox 1036 998 1092 1083; x_wconf 93' lang='lat' dir='ltr'>qui</span> <span class='ocrx_word' id='word_1_56' title='bbox 1112 1017 1173 1082; x_wconf 92' lang='lat' dir='ltr'>pro</span> <span class='ocrx_word' id='word_1_57' title='bbox 1200 1007 1291 1082; x_wconf 90' lang='lat' dir='ltr'>parte</span> 
     </span>
     <span class='ocr_line' id='line_1_8' title="bbox 170 1078 1292 1166; baseline 0.001 -23"><span class='ocrx_word' id='word_1_58' title='bbox 170 1078 314 1144; x_wconf 91' lang='lat' dir='ltr'>eiusdem</span> <span class='ocrx_word' id='word_1_59' title='bbox 336 1100 441 1164; x_wconf 84' lang='lat' dir='ltr'>papae</span> <span class='ocrx_word' id='word_1_60' title='bbox 462 1089 618 1144; x_wconf 80' lang='lat' dir='ltr'>certantes</span> <span class='ocrx_word' id='word_1_61' title='bbox 633 1079 832 1166; x_wconf 89' lang='lat' dir='ltr'>quaerebant</span> <span class='ocrx_word' id='word_1_62' title='bbox 845 1101 919 1144; x_wconf 91' lang='lat' dir='ltr'>eum</span> <span class='ocrx_word' id='word_1_63' title='bbox 935 1079 1126 1166; x_wconf 90' lang='lat' dir='ltr'>opprimere.</span> <span class='ocrx_word' id='word_1_64' title='bbox 1161 1079 1292 1146; x_wconf 84' lang='lat' dir='ltr'>Exinde</span> 
     </span>
    </p>

    <p class='ocr_par' dir='ltr' id='par_1_7' title="bbox 170 1161 1292 1250">
     <span class='ocr_line' id='line_1_9' title="bbox 170 1161 1292 1250; baseline 0 -23"><span class='ocrx_word' id='word_1_65' title='bbox 170 1163 277 1227; x_wconf 85' lang='lat' dir='ltr'>divisa</span> <span class='ocrx_word' id='word_1_66' title='bbox 299 1175 347 1228; x_wconf 89' lang='lat' dir='ltr'>est</span> <span class='ocrx_word' id='word_1_67' title='bbox 368 1161 515 1244; x_wconf 85' lang='lat' dir='ltr'>ecclesia,</span> <span class='ocrx_word' id='word_1_68' title='bbox 537 1173 569 1228; x_wconf 90' lang='lat' dir='ltr'>et</span> <span class='ocrx_word' id='word_1_69' title='bbox 590 1163 695 1228; x_wconf 82' lang='lat' dir='ltr'>divisa</span> <span class='ocrx_word' id='word_1_70' title='bbox 717 1173 790 1228; x_wconf 85' lang='lat' dir='ltr'>sunt</span> <span class='ocrx_word' id='word_1_71' title='bbox 808 1162 962 1228; x_wconf 88' lang='lat' dir='ltr'>ecclesiae</span> <span class='ocrx_word' id='word_1_72' title='bbox 983 1163 1173 1244; x_wconf 87' lang='lat' dir='ltr'>sacerdotia,</span> <span class='ocrx_word' id='word_1_73' title='bbox 1195 1175 1292 1250; x_wconf 90' lang='lat' dir='ltr'>atque</span> 
     </span>
    </p>

    <p class='ocr_par' dir='ltr' id='par_1_8' title="bbox 170 1245 1327 1331">
     <span class='ocr_line' id='line_1_10' title="bbox 170 1245 1327 1331; baseline 0.001 -20"><span class='ocrx_word' id='word_1_74' title='bbox 170 1247 280 1311; x_wconf 91' lang='lat' dir='ltr'>omnia</span> <span class='ocrx_word' id='word_1_75' title='bbox 307 1245 531 1311; x_wconf 83' lang='lat' dir='ltr'>scandalorum</span> <span class='ocrx_word' id='word_1_76' title='bbox 558 1257 628 1314; x_wconf 85' lang='lat' dir='ltr'>orta</span> <span class='ocrx_word' id='word_1_77' title='bbox 656 1259 730 1313; x_wconf 91' lang='lat' dir='ltr'>sunt</span> <span class='ocrx_word' id='word_1_78' title='bbox 782 1270 896 1329; x_wconf 88' lang='lat' dir='ltr'>enera;</span> <span class='ocrx_word' id='word_1_79' title='bbox 926 1245 1043 1312; x_wconf 87' lang='lat' dir='ltr'>exinde</span> <span class='ocrx_word' id='word_1_80' title='bbox 1069 1248 1169 1313; x_wconf 88' lang='lat' dir='ltr'>crevit</span> <span class='ocrx_word' id='word_1_81' title='bbox 1193 1267 1293 1331; x_wconf 90' lang='lat' dir='ltr'>grave</span> <span class='ocrx_word' id='word_1_82' title='bbox 1324 1323 1327 1330; x_wconf 24' lang='lat'><strong><em>¹</em></strong></span> 
     </span>
    </p>

    <p class='ocr_par' dir='ltr' id='par_1_9' title="bbox 170 1271 1295 1502">
     <span class='ocr_line' id='line_1_11' title="bbox 170 1271 1292 1413; baseline 0 -19"><span class='ocrx_word' id='word_1_83' title='bbox 170 1342 204 1395; x_wconf 92' lang='lat' dir='ltr'>et</span> <span class='ocrx_word' id='word_1_84' title='bbox 224 1331 411 1394; x_wconf 89' lang='lat' dir='ltr'>diuturnum</span> <span class='ocrx_word' id='word_1_85' title='bbox 432 1330 562 1413; x_wconf 90' lang='lat' dir='ltr'>bellum,</span> <span class='ocrx_word' id='word_1_86' title='bbox 585 1341 617 1396; x_wconf 92' lang='lat' dir='ltr'>et</span> <span class='ocrx_word' id='word_1_87' title='bbox 638 1353 702 1396; x_wconf 90' lang='lat' dir='ltr'>non</span> <span class='ocrx_word' id='word_1_88' title='bbox 724 1271 828 1396; x_wconf 74' lang='lat' dir='ltr'>solum</span> <span class='ocrx_word' id='word_1_89' title='bbox 851 1330 944 1396; x_wconf 89' lang='lat' dir='ltr'>civile</span> <span class='ocrx_word' id='word_1_90' title='bbox 957 1329 1088 1412; x_wconf 91' lang='lat' dir='ltr'>bellum,</span> <span class='ocrx_word' id='word_1_91' title='bbox 1110 1331 1292 1396; x_wconf 75' lang='lat' dir='ltr'>sedetiam·</span> 
     </span>
     <span class='ocr_line' id='line_1_12' title="bbox 171 1413 1295 1502; baseline 0.001 -24"><span class='ocrx_word' id='word_1_92' title='bbox 171 1413 354 1502; x_wconf 81' lang='lat' dir='ltr'>plusquam</span> <span class='ocrx_word' id='word_1_93' title='bbox 370 1413 608 1497; x_wconf 90' lang='lat' dir='ltr'>civilebellum,</span> <span class='ocrx_word' id='word_1_94' title='bbox 631 1428 664 1480; x_wconf 86' lang='lat' dir='ltr'>et</span> <span class='ocrx_word' id='word_1_95' title='bbox 677 1416 781 1481; x_wconf 84' lang='lat' dir='ltr'>factae</span> <span class='ocrx_word' id='word_1_96' title='bbox 800 1425 875 1480; x_wconf 92' lang='lat' dir='ltr'>sunt</span> <span class='ocrx_word' id='word_1_97' title='bbox 895 1416 1020 1501; x_wconf 86' lang='lat' dir='ltr'>absque</span> <span class='ocrx_word' id='word_1_98' title='bbox 1041 1415 1152 1480; x_wconf 92' lang='lat' dir='ltr'>divino</span> <span class='ocrx_word' id='word_1_99' title='bbox 1174 1415 1295 1501; x_wconf 87' lang='lat' dir='ltr'>pariter</span> 
     </span>
    </p>

    <p class='ocr_par' dir='ltr' id='par_1_10' title="bbox 170 1497 1294 1584">
     <span class='ocr_line' id='line_1_13' title="bbox 170 1497 1294 1584; baseline -0.001 -21"><span class='ocrx_word' id='word_1_100' title='bbox 170 1509 204 1564; x_wconf 91' lang='lat' dir='ltr'>et</span> <span class='ocrx_word' id='word_1_101' title='bbox 225 1498 364 1564; x_wconf 90' lang='lat' dir='ltr'>humano</span> <span class='ocrx_word' id='word_1_102' title='bbox 386 1509 536 1584; x_wconf 87' lang='lat' dir='ltr'>respectu</span> <span class='ocrx_word' id='word_1_103' title='bbox 558 1501 754 1564; x_wconf 87' lang='lat' dir='ltr'>vastationes</span> <span class='ocrx_word' id='word_1_104' title='bbox 774 1497 982 1564; x_wconf 90' lang='lat' dir='ltr'>ecclesiarum</span> <span class='ocrx_word' id='word_1_105' title='bbox 1004 1511 1036 1564; x_wconf 89' lang='lat' dir='ltr'>et</span> <span class='ocrx_word' id='word_1_106' title='bbox 1057 1497 1172 1564; x_wconf 86' lang='lat' dir='ltr'>caedes</span> <span class='ocrx_word' id='word_1_107' title='bbox 1193 1497 1294 1562; x_wconf 91' lang='lat' dir='ltr'>homi·</span> 
     </span>
    </p>

    <p class='ocr_par' dir='ltr' id='par_1_11' title="bbox 171 1582 1294 1669">
     <span class='ocr_line' id='line_1_14' title="bbox 171 1582 1294 1669; baseline 0 -23"><span class='ocrx_word' id='word_1_108' title='bbox 171 1605 267 1663; x_wconf 79' lang='lat' dir='ltr'>num3</span> <span class='ocrx_word' id='word_1_109' title='bbox 291 1582 408 1647; x_wconf 88' lang='lat' dir='ltr'>exinde</span> <span class='ocrx_word' id='word_1_110' title='bbox 432 1585 527 1648; x_wconf 87' lang='lat' dir='ltr'>etiam</span> <span class='ocrx_word' id='word_1_111' title='bbox 550 1594 720 1669; x_wconf 80' lang='lat' dir='ltr'>corruptae</span> <span class='ocrx_word' id='word_1_112' title='bbox 741 1594 818 1649; x_wconf 92' lang='lat' dir='ltr'>sunt</span> <span class='ocrx_word' id='word_1_113' title='bbox 838 1583 966 1648; x_wconf 88' lang='lat' dir='ltr'>divinae</span> <span class='ocrx_word' id='word_1_114' title='bbox 1011 1583 1109 1648; x_wconf 90' lang='lat' dir='ltr'>ariter</span> <span class='ocrx_word' id='word_1_115' title='bbox 1129 1592 1162 1647; x_wconf 94' lang='lat' dir='ltr'>et</span> <span class='ocrx_word' id='word_1_116' title='bbox 1183 1582 1294 1648; x_wconf 90' lang='lat' dir='ltr'>huma·</span> 
     </span>
    </p>

    <p class='ocr_par' dir='ltr' id='par_1_12' title="bbox 173 1664 1295 1754">
     <span class='ocr_line' id='line_1_15' title="bbox 173 1664 1295 1754; baseline 0.001 -24"><span class='ocrx_word' id='word_1_117' title='bbox 173 1687 233 1732; x_wconf 88' lang='lat' dir='ltr'>nae</span> <span class='ocrx_word' id='word_1_118' title='bbox 259 1667 358 1752; x_wconf 86' lang='lat' dir='ltr'>leges,</span> <span class='ocrx_word' id='word_1_119' title='bbox 392 1667 462 1731; x_wconf 87' lang='lat' dir='ltr'>sine</span> <span class='ocrx_word' id='word_1_120' title='bbox 493 1667 610 1754; x_wconf 92' lang='lat' dir='ltr'>quibus</span> <span class='ocrx_word' id='word_1_121' title='bbox 638 1689 703 1732; x_wconf 94' lang='lat' dir='ltr'>non</span> <span class='ocrx_word' id='word_1_122' title='bbox 732 1666 879 1732; x_wconf 86' lang='lat' dir='ltr'>subsistit</span> <span class='ocrx_word' id='word_1_123' title='bbox 902 1665 955 1732; x_wconf 87' lang='lat' dir='ltr'>vel</span> <span class='ocrx_word' id='word_1_124' title='bbox 1017 1668 1047 1731; x_wconf 91' lang='lat' dir='ltr'>ei</span> <span class='ocrx_word' id='word_1_125' title='bbox 1075 1664 1210 1732; x_wconf 88' lang='lat' dir='ltr'>ecclesia</span> <span class='ocrx_word' id='word_1_126' title='bbox 1243 1664 1295 1731; x_wconf 93' lang='lat' dir='ltr'>vel</span> 
     </span>
    </p>

    <p class='ocr_par' dir='ltr' id='par_1_13' title="bbox 172 1749 1294 1837">
     <span class='ocr_line' id='line_1_16' title="bbox 172 1749 1294 1837; baseline -0.001 -23"><span class='ocrx_word' id='word_1_127' title='bbox 172 1752 299 1836; x_wconf 91' lang='lat' dir='ltr'>imperii</span> <span class='ocrx_word' id='word_1_128' title='bbox 321 1773 373 1816; x_wconf 87' lang='lat' dir='ltr'>res</span> <span class='ocrx_word' id='word_1_129' title='bbox 394 1749 543 1837; x_wconf 79' lang='lat' dir='ltr'>publica3</span> <span class='ocrx_word' id='word_1_130' title='bbox 571 1761 604 1817; x_wconf 90' lang='lat' dir='ltr'>et</span> <span class='ocrx_word' id='word_1_131' title='bbox 625 1752 742 1816; x_wconf 88' lang='lat' dir='ltr'>exinde</span> <span class='ocrx_word' id='word_1_132' title='bbox 770 1749 890 1815; x_wconf 91' lang='lat' dir='ltr'>violata</span> <span class='ocrx_word' id='word_1_133' title='bbox 916 1760 967 1814; x_wconf 89' lang='lat' dir='ltr'>est</span> <span class='ocrx_word' id='word_1_134' title='bbox 995 1749 1076 1814; x_wconf 91' lang='lat' dir='ltr'>fides</span> <span class='ocrx_word' id='word_1_135' title='bbox 1103 1763 1136 1816; x_wconf 92' lang='lat' dir='ltr'>et</span> <span class='ocrx_word' id='word_1_136' title='bbox 1161 1750 1294 1836; x_wconf 90' lang='lat' dir='ltr'>publica</span> 
     </span>
    </p>

    <p class='ocr_par' dir='ltr' id='par_1_14' title="bbox 171 1833 1295 1920">
     <span class='ocr_line' id='line_1_17' title="bbox 171 1833 1295 1920; baseline -0.002 -20"><span class='ocrx_word' id='word_1_137' title='bbox 171 1844 206 1900; x_wconf 90' lang='lat' dir='ltr'>et</span> <span class='ocrx_word' id='word_1_138' title='bbox 227 1834 399 1917; x_wconf 86' lang='lat' dir='ltr'>catholica;</span> <span class='ocrx_word' id='word_1_139' title='bbox 425 1835 543 1900; x_wconf 87' lang='lat' dir='ltr'>exinde</span> <span class='ocrx_word' id='word_1_140' title='bbox 565 1836 661 1900; x_wconf 87' lang='lat' dir='ltr'>etiam</span> <span class='ocrx_word' id='word_1_141' title='bbox 682 1833 738 1900; x_wconf 89' lang='lat' dir='ltr'>illa</span> <span class='ocrx_word' id='word_1_142' title='bbox 759 1836 860 1900; x_wconf 90' lang='lat' dir='ltr'>crevit</span> <span class='ocrx_word' id='word_1_143' title='bbox 880 1834 1046 1914; x_wconf 88' lang='lat' dir='ltr'>iniustitia,</span> <span class='ocrx_word' id='word_1_144' title='bbox 1072 1843 1109 1898; x_wconf 92' lang='lat' dir='ltr'>ut</span> <span class='ocrx_word' id='word_1_145' title='bbox 1130 1855 1190 1920; x_wconf 89' lang='lat' dir='ltr'>pro</span> <span class='ocrx_word' id='word_1_146' title='bbox 1211 1835 1295 1898; x_wconf 87' lang='lat' dir='ltr'>veri-</span> 
     </span>
    </p>

    <p class='ocr_par' dir='ltr' id='par_1_15' title="bbox 172 1916 1295 2006">
     <span class='ocr_line' id='line_1_18' title="bbox 172 1916 1295 2006; baseline -0.003 -24"><span class='ocrx_word' id='word_1_147' title='bbox 172 1927 238 1984; x_wconf 87' lang='lat' dir='ltr'>tate</span> <span class='ocrx_word' id='word_1_148' title='bbox 258 1917 338 1982; x_wconf 86' lang='lat' dir='ltr'>falsa</span> <span class='ocrx_word' id='word_1_149' title='bbox 361 1920 545 1984; x_wconf 88' lang='lat' dir='ltr'>testimonia</span> <span class='ocrx_word' id='word_1_150' title='bbox 565 1928 598 1984; x_wconf 91' lang='lat' dir='ltr'>et</span> <span class='ocrx_word' id='word_1_151' title='bbox 618 1940 677 2006; x_wconf 91' lang='lat' dir='ltr'>pro</span> <span class='ocrx_word' id='word_1_152' title='bbox 698 1918 762 1983; x_wconf 90' lang='lat' dir='ltr'>fide</span> <span class='ocrx_word' id='word_1_153' title='bbox 785 1917 944 1982; x_wconf 86' lang='lat' dir='ltr'>catholica</span> <span class='ocrx_word' id='word_1_154' title='bbox 962 1916 1128 1983; x_wconf 89' lang='lat' dir='ltr'>abundent</span> <span class='ocrx_word' id='word_1_155' title='bbox 1141 1919 1295 2003; x_wconf 87' lang='lat' dir='ltr'>periuria,</span> 
     </span>
    </p>

    <p class='ocr_par' dir='ltr' id='par_1_16' title="bbox 171 2001 1297 2090">
     <span class='ocr_line' id='line_1_19' title="bbox 171 2001 1297 2090; baseline 0.002 -26"><span class='ocrx_word' id='word_1_156' title='bbox 171 2011 218 2082; x_wconf 90' lang='lat' dir='ltr'>at,</span> <span class='ocrx_word' id='word_1_157' title='bbox 240 2013 411 2090; x_wconf 88' lang='lat' dir='ltr'>postquam</span> <span class='ocrx_word' id='word_1_158' title='bbox 433 2001 521 2087; x_wconf 89' lang='lat' dir='ltr'>leges</span> <span class='ocrx_word' id='word_1_159' title='bbox 542 2001 626 2068; x_wconf 88' lang='lat' dir='ltr'>bello</span> <span class='ocrx_word' id='word_1_160' title='bbox 649 2001 765 2067; x_wconf 79' lang='lat' dir='ltr'>afluere</span> <span class='ocrx_word' id='word_1_161' title='bbox 787 2011 948 2083; x_wconf 78' lang='lat' dir='ltr'>coactae1,</span> <span class='ocrx_word' id='word_1_162' title='bbox 969 2002 1012 2064; x_wconf 92' lang='lat' dir='ltr'>im</span> <span class='ocrx_word' id='word_1_163' title='bbox 1038 2001 1141 2066; x_wconf 82' lang='lat' dir='ltr'>leamr</span> <span class='ocrx_word' id='word_1_164' title='bbox 1154 2002 1219 2065; x_wconf 88' lang='lat' dir='ltr'>iam</span> <span class='ocrx_word' id='word_1_165' title='bbox 1234 2003 1297 2066; x_wconf 87' lang='lat' dir='ltr'>ista</span> 
     </span>
    </p>

    <p class='ocr_par' dir='ltr' id='par_1_17' title="bbox 171 2085 1458 2237">
     <span class='ocr_line' id='line_1_20' title="bbox 173 2085 1458 2173; baseline -0.002 -23"><span class='ocrx_word' id='word_1_166' title='bbox 173 2086 307 2150; x_wconf 90' lang='lat' dir='ltr'>Domini</span> <span class='ocrx_word' id='word_1_167' title='bbox 339 2089 495 2152; x_wconf 89' lang='lat' dir='ltr'>sententia</span> <span class='ocrx_word' id='word_1_168' title='bbox 526 2109 586 2173; x_wconf 88' lang='lat' dir='ltr'>per</span> <span class='ocrx_word' id='word_1_169' title='bbox 618 2085 703 2152; x_wconf 90' lang='lat' dir='ltr'>Osee</span> <span class='ocrx_word' id='word_1_170' title='bbox 736 2086 945 2172; x_wconf 87' lang='lat' dir='ltr'>prophetam:</span> <span class='ocrx_word' id='word_1_171' title='bbox 1016 2108 1058 2150; x_wconf 81' lang='lat' dir='ltr'>om</span> <span class='ocrx_word' id='word_1_172' title='bbox 1091 2097 1146 2167; x_wconf 81' lang='lat' dir='ltr'>cot,</span> <span class='ocrx_word' id='word_1_173' title='bbox 1179 2086 1458 2170; x_wconf 66' lang='lat' dir='ltr'>inquitoieeqar.</span> 
     </span>
     <span class='ocr_line' id='line_1_21' title="bbox 171 2169 1296 2237; baseline -0.002 -3"><span class='ocrx_word' id='word_1_174' title='bbox 171 2172 295 2236; x_wconf 77' lang='lat' dir='ltr'>ceritas</span> <span class='ocrx_word' id='word_1_175' title='bbox 316 2183 345 2234; x_wconf 88' lang='lat' dir='ltr'>ct</span> <span class='ocrx_word' id='word_1_176' title='bbox 366 2195 432 2237; x_wconf 84' lang='lat' dir='ltr'>aaa</span> <span class='ocrx_word' id='word_1_177' title='bbox 455 2183 500 2236; x_wconf 83' lang='lat' dir='ltr'>cat</span> <span class='ocrx_word' id='word_1_178' title='bbox 520 2171 750 2237; x_wconf 79' lang='lat' dir='ltr'>misericordia</span> <span class='ocrx_word' id='word_1_179' title='bbox 779 2182 808 2234; x_wconf 87' lang='lat' dir='ltr'>et</span> <span class='ocrx_word' id='word_1_180' title='bbox 836 2194 903 2236; x_wconf 83' lang='lat' dir='ltr'>aaa</span> <span class='ocrx_word' id='word_1_181' title='bbox 932 2181 978 2234; x_wconf 84' lang='lat' dir='ltr'>eet</span> <span class='ocrx_word' id='word_1_182' title='bbox 1003 2171 1142 2234; x_wconf 78' lang='lat' dir='ltr'>scicntia</span> <span class='ocrx_word' id='word_1_183' title='bbox 1162 2169 1229 2234; x_wconf 87' lang='lat' dir='ltr'>Dei</span> <span class='ocrx_word' id='word_1_184' title='bbox 1256 2171 1296 2233; x_wconf 90' lang='lat' dir='ltr'>ia</span> 
     </span>
    </p>

    <p class='ocr_par' dir='ltr' id='par_1_18' title="bbox 172 2253 1296 2338">
     <span class='ocr_line' id='line_1_22' title="bbox 172 2253 1296 2338; baseline -0.002 -20"><span class='ocrx_word' id='word_1_185' title='bbox 172 2266 273 2318; x_wconf 80' lang='lat' dir='ltr'>terra.</span> <span class='ocrx_word' id='word_1_186' title='bbox 317 2254 530 2320; x_wconf 83' lang='lat' dir='ltr'>Maledictum</span> <span class='ocrx_word' id='word_1_187' title='bbox 551 2267 580 2320; x_wconf 87' lang='lat' dir='ltr'>et</span> <span class='ocrx_word' id='word_1_188' title='bbox 600 2257 807 2321; x_wconf 76' lang='lat' dir='ltr'>mendacium</span> <span class='ocrx_word' id='word_1_189' title='bbox 829 2266 858 2318; x_wconf 87' lang='lat' dir='ltr'>et</span> <span class='ocrx_word' id='word_1_190' title='bbox 879 2253 1090 2318; x_wconf 76' lang='lat' dir='ltr'>homicidium</span> <span class='ocrx_word' id='word_1_191' title='bbox 1111 2264 1141 2318; x_wconf 87' lang='lat' dir='ltr'>et</span> <span class='ocrx_word' id='word_1_192' title='bbox 1158 2253 1296 2338; x_wconf 77' lang='lat' dir='ltr'>fartam</span> 
     </span>
    </p>

    <p class='ocr_par' dir='ltr' id='par_1_19' title="bbox 172 2337 1295 2423">
     <span class='ocr_line' id='line_1_23' title="bbox 172 2337 1295 2423; baseline -0.002 -21"><span class='ocrx_word' id='word_1_193' title='bbox 172 2347 204 2402; x_wconf 87' lang='lat' dir='ltr'>et</span> <span class='ocrx_word' id='word_1_194' title='bbox 233 2338 430 2404; x_wconf 67' lang='lat' dir='ltr'>adulterium</span> <span class='ocrx_word' id='word_1_195' title='bbox 458 2341 717 2420; x_wconf 84' lang='lat' dir='ltr'>iaaadaveruat,</span> <span class='ocrx_word' id='word_1_196' title='bbox 745 2349 774 2403; x_wconf 89' lang='lat' dir='ltr'>et</span> <span class='ocrx_word' id='word_1_197' title='bbox 795 2362 858 2402; x_wconf 82' lang='lat' dir='ltr'>aaa</span> <span class='ocrx_word' id='word_1_198' title='bbox 882 2339 935 2410; x_wconf 82' lang='lat' dir='ltr'>aia</span> <span class='ocrx_word' id='word_1_199' title='bbox 957 2339 1154 2423; x_wconf 73' lang='lat' dir='ltr'>sanquinem</span> <span class='ocrx_word' id='word_1_200' title='bbox 1180 2337 1295 2422; x_wconf 71' lang='lat' dir='ltr'>tetigit.</span> 
     </span>
    </p>

    <p class='ocr_par' dir='ltr' id='par_1_20' title="bbox 174 2361 1296 2687">
     <span class='ocr_line' id='line_1_24' title="bbox 175 2361 1296 2507; baseline -0.001 -23"><span class='ocrx_word' id='word_1_201' title='bbox 175 2421 266 2485; x_wconf 89' lang='lat' dir='ltr'>Haec</span> <span class='ocrx_word' id='word_1_202' title='bbox 302 2444 387 2485; x_wconf 93' lang='lat' dir='ltr'>nunc</span> <span class='ocrx_word' id='word_1_203' title='bbox 416 2421 581 2487; x_wconf 89' lang='lat' dir='ltr'>abundare</span> <span class='ocrx_word' id='word_1_204' title='bbox 608 2431 640 2487; x_wconf 92' lang='lat' dir='ltr'>et</span> <span class='ocrx_word' id='word_1_205' title='bbox 665 2361 929 2507; x_wconf 76' lang='lat' dir='ltr'>superabundare</span> <span class='ocrx_word' id='word_1_206' title='bbox 980 2431 1090 2506; x_wconf 87' lang='lat' dir='ltr'>ropter</span> <span class='ocrx_word' id='word_1_207' title='bbox 1117 2421 1296 2485; x_wconf 88' lang='lat' dir='ltr'>doctrinam</span> 
     </span>
     <span class='ocr_line' id='line_1_25' title="bbox 174 2443 1296 2604; baseline -0.002 -36"><span class='ocrx_word' id='word_1_208' title='bbox 174 2504 389 2570; x_wconf 88' lang='lat' dir='ltr'>Hildebrandi</span> <span class='ocrx_word' id='word_1_209' title='bbox 410 2528 524 2593; x_wconf 88' lang='lat' dir='ltr'>papae,</span> <span class='ocrx_word' id='word_1_210' title='bbox 546 2527 611 2592; x_wconf 91' lang='lat' dir='ltr'>qua</span> <span class='ocrx_word' id='word_1_211' title='bbox 630 2506 740 2570; x_wconf 91' lang='lat' dir='ltr'>divisit</span> <span class='ocrx_word' id='word_1_212' title='bbox 759 2527 876 2604; x_wconf 89' lang='lat' dir='ltr'>corpus</span> <span class='ocrx_word' id='word_1_213' title='bbox 908 2443 1142 2570; x_wconf 76' lang='lat' dir='ltr'>velpecclesiae</span> <span class='ocrx_word' id='word_1_214' title='bbox 1169 2503 1222 2568; x_wconf 92' lang='lat' dir='ltr'>vel</span> <span class='ocrx_word' id='word_1_215' title='bbox 1249 2504 1296 2567; x_wconf 89' lang='lat' dir='ltr'>rei</span> 
     </span>
     <span class='ocr_line' id='line_1_26' title="bbox 177 2587 1296 2687; baseline -0.002 -35"><span class='ocrx_word' id='word_1_216' title='bbox 177 2587 334 2687; x_wconf 87' lang='lat' dir='ltr'>publicae,</span> <span class='ocrx_word' id='word_1_217' title='bbox 363 2589 510 2676; x_wconf 90' lang='lat' dir='ltr'>nunquid</span> <span class='ocrx_word' id='word_1_218' title='bbox 531 2588 593 2655; x_wconf 93' lang='lat' dir='ltr'>boc</span> <span class='ocrx_word' id='word_1_219' title='bbox 615 2599 664 2655; x_wconf 89' lang='lat' dir='ltr'>est</span> <span class='ocrx_word' id='word_1_220' title='bbox 683 2587 898 2675; x_wconf 78' lang='lat' dir='ltr'>apostolicum</span> <span class='ocrx_word' id='word_1_221' title='bbox 920 2610 1002 2670; x_wconf 92' lang='lat' dir='ltr'>esse,</span> <span class='ocrx_word' id='word_1_222' title='bbox 1036 2597 1068 2652; x_wconf 92' lang='lat' dir='ltr'>et</span> <span class='ocrx_word' id='word_1_223' title='bbox 1090 2587 1296 2673; x_wconf 84' lang='lat' dir='ltr'>Gregorium,</span> 
     </span>
    </p>

    <p class='ocr_par' dir='ltr' id='par_1_21' title="bbox 175 2671 1297 2760">
     <span class='ocr_line' id='line_1_27' title="bbox 175 2671 1297 2760; baseline -0.001 -25"><span class='ocrx_word' id='word_1_224' title='bbox 175 2672 209 2736; x_wconf 87' lang='lat' dir='ltr'>rd</span> <span class='ocrx_word' id='word_1_225' title='bbox 231 2682 279 2738; x_wconf 93' lang='lat' dir='ltr'>est</span> <span class='ocrx_word' id='word_1_226' title='bbox 298 2673 380 2740; x_wconf 91' lang='lat' dir='ltr'>bene</span> <span class='ocrx_word' id='word_1_227' title='bbox 401 2673 598 2760; x_wconf 86' lang='lat' dir='ltr'>vigilantem,</span> <span class='ocrx_word' id='word_1_228' title='bbox 621 2695 700 2755; x_wconf 89' lang='lat' dir='ltr'>esse,</span> <span class='ocrx_word' id='word_1_229' title='bbox 722 2673 809 2738; x_wconf 90' lang='lat' dir='ltr'>etin</span> <span class='ocrx_word' id='word_1_230' title='bbox 830 2671 977 2736; x_wconf 90' lang='lat' dir='ltr'>doctrina</span> <span class='ocrx_word' id='word_1_231' title='bbox 1005 2682 1037 2735; x_wconf 91' lang='lat' dir='ltr'>et</span> <span class='ocrx_word' id='word_1_232' title='bbox 1064 2671 1099 2734; x_wconf 90' lang='lat' dir='ltr'>ia</span> <span class='ocrx_word' id='word_1_233' title='bbox 1127 2691 1297 2735; x_wconf 88' lang='lat' dir='ltr'>conversa·</span> 
     </span>
    </p>

    <p class='ocr_par' dir='ltr' id='par_1_22' title="bbox 173 2754 1373 2929">
     <span class='ocr_line' id='line_1_28' title="bbox 173 2754 1297 2840; baseline -0.003 -19"><span class='ocrx_word' id='word_1_234' title='bbox 173 2757 262 2823; x_wconf 91' lang='lat' dir='ltr'>tione</span> <span class='ocrx_word' id='word_1_235' title='bbox 284 2757 476 2823; x_wconf 88' lang='lat' dir='ltr'>catholicum</span> <span class='ocrx_word' id='word_1_236' title='bbox 498 2781 568 2823; x_wconf 86' lang='lat' dir='ltr'>esse</span> <span class='ocrx_word' id='word_1_237' title='bbox 591 2755 768 2822; x_wconf 89' lang='lat' dir='ltr'>secundum</span> <span class='ocrx_word' id='word_1_238' title='bbox 785 2756 975 2820; x_wconf 86' lang='lat' dir='ltr'>sententiam</span> <span class='ocrx_word' id='word_1_239' title='bbox 991 2754 1158 2840; x_wconf 89' lang='lat' dir='ltr'>scriptoris</span> <span class='ocrx_word' id='word_1_240' title='bbox 1203 2775 1297 2839; x_wconf 90' lang='lat' dir='ltr'>ropo·</span> 
     </span>
     <span class='ocr_line' id='line_1_29' title="bbox 173 2777 1373 2929; baseline -0.002 -25"><span class='ocrx_word' id='word_1_241' title='bbox 173 2842 255 2906; x_wconf 88' lang='lat' dir='ltr'>sitae</span> <span class='ocrx_word' id='word_1_242' title='bbox 282 2840 459 2928; x_wconf 79' lang='lat' dir='ltr'>epistolae?</span> <span class='ocrx_word' id='word_1_243' title='bbox 485 2852 582 2929; x_wconf 90' lang='lat' dir='ltr'>atque</span> <span class='ocrx_word' id='word_1_244' title='bbox 611 2864 685 2906; x_wconf 93' lang='lat' dir='ltr'>cum</span> <span class='ocrx_word' id='word_1_245' title='bbox 712 2839 769 2905; x_wconf 87' lang='lat' dir='ltr'>tali</span> <span class='ocrx_word' id='word_1_246' title='bbox 791 2837 1014 2904; x_wconf 86' lang='lat' dir='ltr'>Hildebrando</span> <span class='ocrx_word' id='word_1_247' title='bbox 1043 2847 1151 2923; x_wconf 87' lang='lat' dir='ltr'>partes</span> <span class='ocrx_word' id='word_1_248' title='bbox 1178 2777 1298 2902; x_wconf 69' lang='lat' dir='ltr'>liabere</span> <span class='ocrx_word' id='word_1_249' title='bbox 1368 2863 1373 2871; x_wconf 89' lang='grc'>·</span> 
     </span>
    </p>

    <p class='ocr_par' dir='ltr' id='par_1_23' title="bbox 172 2921 1297 3013">
     <span class='ocr_line' id='line_1_30' title="bbox 172 2921 1297 3013; baseline -0.003 -24"><span class='ocrx_word' id='word_1_250' title='bbox 172 2935 208 2990; x_wconf 91' lang='lat' dir='ltr'>et</span> <span class='ocrx_word' id='word_1_251' title='bbox 236 2925 394 2990; x_wconf 90' lang='lat' dir='ltr'>eiusmodi</span> <span class='ocrx_word' id='word_1_252' title='bbox 421 2927 529 3013; x_wconf 88' lang='lat' dir='ltr'>qualia</span> <span class='ocrx_word' id='word_1_253' title='bbox 557 2947 594 2990; x_wconf 90' lang='lat' dir='ltr'>su</span> <span class='ocrx_word' id='word_1_254' title='bbox 618 2925 742 2990; x_wconf 83' lang='lat' dir='ltr'>radiata</span> <span class='ocrx_word' id='word_1_255' title='bbox 768 2936 843 2990; x_wconf 89' lang='lat' dir='ltr'>sunt</span> <span class='ocrx_word' id='word_1_256' title='bbox 871 2923 994 3008; x_wconf 87' lang='lat' dir='ltr'>flagitia</span> <span class='ocrx_word' id='word_1_257' title='bbox 1022 2923 1153 3004; x_wconf 87' lang='lat' dir='ltr'>nutrire,</span> <span class='ocrx_word' id='word_1_258' title='bbox 1186 2921 1297 2986; x_wconf 89' lang='lat' dir='ltr'>fovere</span> 
     </span>
    </p>

    <p class='ocr_par' dir='ltr' id='par_1_24' title="bbox 173 3003 1298 3097">
     <span class='ocr_line' id='line_1_31' title="bbox 173 3003 1298 3097; baseline -0.004 -24"><span class='ocrx_word' id='word_1_259' title='bbox 173 3008 226 3074; x_wconf 93' lang='lat' dir='ltr'>vel</span> <span class='ocrx_word' id='word_1_260' title='bbox 247 3009 429 3092; x_wconf 87' lang='lat' dir='ltr'>defendere,</span> <span class='ocrx_word' id='word_1_261' title='bbox 458 3014 580 3097; x_wconf 90' lang='lat' dir='ltr'>nunqui</span> <span class='ocrx_word' id='word_1_262' title='bbox 624 3009 686 3074; x_wconf 92' lang='lat' dir='ltr'>hoc</span> <span class='ocrx_word' id='word_1_263' title='bbox 708 3018 757 3075; x_wconf 92' lang='lat' dir='ltr'>est</span> <span class='ocrx_word' id='word_1_264' title='bbox 784 3008 867 3073; x_wconf 90' lang='lat' dir='ltr'>filios</span> <span class='ocrx_word' id='word_1_265' title='bbox 889 3007 955 3071; x_wconf 93' lang='lat' dir='ltr'>Dei</span> <span class='ocrx_word' id='word_1_266' title='bbox 982 3029 1051 3072; x_wconf 88' lang='lat' dir='ltr'>esse</span> <span class='ocrx_word' id='word_1_267' title='bbox 1078 3014 1110 3070; x_wconf 91' lang='lat' dir='ltr'>et</span> <span class='ocrx_word' id='word_1_268' title='bbox 1138 3029 1152 3071; x_wconf 91' lang='lat' dir='ltr'>s</span> <span class='ocrx_word' id='word_1_269' title='bbox 1178 3003 1298 3070; x_wconf 89' lang='lat' dir='ltr'>iritales</span> 
     </span>
    </p>

    <p class='ocr_par' dir='ltr' id='par_1_25' title="bbox 173 3090 1464 3361">
     <span class='ocr_line' id='line_1_32' title="bbox 173 3090 1385 3178; baseline -0.001 -24"><span class='ocrx_word' id='word_1_270' title='bbox 173 3104 207 3158; x_wconf 88' lang='lat' dir='ltr'>at</span> <span class='ocrx_word' id='word_1_271' title='bbox 232 3116 272 3158; x_wconf 92' lang='lat' dir='ltr'>ue</span> <span class='ocrx_word' id='word_1_272' title='bbox 294 3093 446 3160; x_wconf 87' lang='lat' dir='ltr'>caelestes</span> <span class='ocrx_word' id='word_1_273' title='bbox 467 3117 538 3159; x_wconf 88' lang='lat' dir='ltr'>esse</span> <span class='ocrx_word' id='word_1_274' title='bbox 559 3095 649 3158; x_wconf 85' lang='lat' dir='ltr'>iuxta</span> <span class='ocrx_word' id='word_1_275' title='bbox 670 3093 861 3158; x_wconf 87' lang='lat' dir='ltr'>sententiam</span> <span class='ocrx_word' id='word_1_276' title='bbox 883 3092 1049 3178; x_wconf 87' lang='lat' dir='ltr'>scriptoris</span> <span class='ocrx_word' id='word_1_277' title='bbox 1070 3092 1139 3155; x_wconf 88' lang='lat' dir='ltr'>eius</span> <span class='ocrx_word' id='word_1_278' title='bbox 1163 3113 1215 3154; x_wconf 90' lang='lat' dir='ltr'>em</span> <span class='ocrx_word' id='word_1_279' title='bbox 1234 3090 1299 3175; x_wconf 90' lang='lat' dir='ltr'>epi·</span> <span class='ocrx_word' id='word_1_280' title='bbox 1381 3168 1385 3176; x_wconf 29' lang='grc' dir='ltr'>Ι</span> 
     </span>
     <span class='ocr_line' id='line_1_33' title="bbox 173 3116 1464 3263; baseline -0.005 -22"><span class='ocrx_word' id='word_1_281' title='bbox 173 3116 297 3242; x_wconf 69' lang='lat' dir='ltr'>abidae?</span> <span class='ocrx_word' id='word_1_282' title='bbox 328 3177 424 3242; x_wconf 88' lang='lat' dir='ltr'>Absit</span> <span class='ocrx_word' id='word_1_283' title='bbox 444 3179 517 3257; x_wconf 90' lang='lat' dir='ltr'>hoc,</span> <span class='ocrx_word' id='word_1_284' title='bbox 546 3177 640 3259; x_wconf 87' lang='lat' dir='ltr'>absit,</span> <span class='ocrx_word' id='word_1_285' title='bbox 667 3179 811 3262; x_wconf 90' lang='lat' dir='ltr'>inquam,</span> <span class='ocrx_word' id='word_1_286' title='bbox 841 3179 1005 3263; x_wconf 87' lang='lat' dir='ltr'>quoniam,</span> <span class='ocrx_word' id='word_1_287' title='bbox 1031 3184 1202 3240; x_wconf 88' lang='lat' dir='ltr'>attestante</span> <span class='ocrx_word' id='word_1_288' title='bbox 1223 3193 1464 3259; x_wconf 64' lang='lat' dir='ltr'>apo-spuatur.</span> 
     </span>
     <span class='ocr_line' id='line_1_34' title="bbox 174 3255 1298 3361; baseline -0.004 -36"><span class='ocrx_word' id='word_1_289' title='bbox 174 3261 268 3345; x_wconf 86' lang='lat' dir='ltr'>stolo,</span> <span class='ocrx_word' id='word_1_290' title='bbox 292 3261 439 3328; x_wconf 78' lang='lat' dir='ltr'>Christus</span> <span class='ocrx_word' id='word_1_291' title='bbox 462 3261 608 3327; x_wconf 88' lang='lat' dir='ltr'>exhibuit</span> <span class='ocrx_word' id='word_1_292' title='bbox 629 3261 691 3325; x_wconf 91' lang='lat' dir='ltr'>sibi</span> <span class='ocrx_word' id='word_1_293' title='bbox 712 3260 888 3361; x_wconf 84' lang='lat' dir='ltr'>gloriosam</span> <span class='ocrx_word' id='word_1_294' title='bbox 909 3257 1077 3324; x_wconf 91' lang='lat' dir='ltr'>ecclesiam</span> <span class='ocrx_word' id='word_1_295' title='bbox 1099 3281 1164 3323; x_wconf 90' lang='lat' dir='ltr'>non</span> <span class='ocrx_word' id='word_1_296' title='bbox 1180 3255 1298 3322; x_wconf 90' lang='lat' dir='ltr'>haben-</span> 
     </span>
    </p>

    <p class='ocr_par' dir='ltr' id='par_1_26' title="bbox 173 3343 1300 3516">
     <span class='ocr_line' id='line_1_35' title="bbox 176 3343 1300 3440; baseline -0.005 -30"><span class='ocrx_word' id='word_1_297' title='bbox 176 3356 241 3410; x_wconf 91' lang='lat' dir='ltr'>tem</span> <span class='ocrx_word' id='word_1_298' title='bbox 270 3345 430 3410; x_wconf 85' lang='lat' dir='ltr'>maculam</span> <span class='ocrx_word' id='word_1_299' title='bbox 461 3369 521 3410; x_wconf 91' lang='lat' dir='ltr'>nec</span> <span class='ocrx_word' id='word_1_300' title='bbox 547 3367 605 3431; x_wconf 90' lang='lat' dir='ltr'>per</span> <span class='ocrx_word' id='word_1_301' title='bbox 638 3343 860 3430; x_wconf 80' lang='lat' dir='ltr'>dupltcitatem</span> <span class='ocrx_word' id='word_1_302' title='bbox 893 3365 1020 3429; x_wconf 89' lang='lat' dir='ltr'>rugam,</span> <span class='ocrx_word' id='word_1_303' title='bbox 1058 3344 1136 3440; x_wconf 91' lang='lat' dir='ltr'>quia</span> <span class='ocrx_word' id='word_1_304' title='bbox 1171 3351 1204 3406; x_wconf 90' lang='lat' dir='ltr'>et</span> <span class='ocrx_word' id='word_1_305' title='bbox 1238 3363 1300 3427; x_wconf 89' lang='lat' dir='ltr'>per</span> 
     </span>
     <span class='ocr_line' id='line_1_36' title="bbox 173 3427 1298 3516; baseline -0.004 -24"><span class='ocrx_word' id='word_1_306' title='bbox 173 3430 330 3494; x_wconf 89' lang='lat' dir='ltr'>iustitiam</span> <span class='ocrx_word' id='word_1_307' title='bbox 363 3440 413 3495; x_wconf 90' lang='lat' dir='ltr'>est</span> <span class='ocrx_word' id='word_1_308' title='bbox 447 3429 568 3494; x_wconf 90' lang='lat' dir='ltr'>munda</span> <span class='ocrx_word' id='word_1_309' title='bbox 600 3438 649 3494; x_wconf 85' lang='lat' dir='ltr'>et‘</span> <span class='ocrx_word' id='word_1_310' title='bbox 664 3451 723 3516; x_wconf 89' lang='lat' dir='ltr'>per</span> <span class='ocrx_word' id='word_1_311' title='bbox 751 3427 930 3514; x_wconf 87' lang='lat' dir='ltr'>simplicem</span> <span class='ocrx_word' id='word_1_312' title='bbox 959 3428 1169 3490; x_wconf 76' lang='lat' dir='ltr'>intentionem</span> <span class='ocrx_word' id='word_1_313' title='bbox 1197 3435 1298 3494; x_wconf 89' lang='lat' dir='ltr'>tensa.</span> 
     </span>
    </p>

    <p class='ocr_par' dir='ltr' id='par_1_27' title="bbox 175 3512 1298 3599">
     <span class='ocr_line' id='line_1_37' title="bbox 175 3512 1298 3599; baseline -0.005 -21"><span class='ocrx_word' id='word_1_314' title='bbox 175 3512 272 3578; x_wconf 90' lang='lat' dir='ltr'>Unde</span> <span class='ocrx_word' id='word_1_315' title='bbox 294 3523 326 3578; x_wconf 94' lang='lat' dir='ltr'>et</span> <span class='ocrx_word' id='word_1_316' title='bbox 346 3515 379 3578; x_wconf 90' lang='lat' dir='ltr'>in</span> <span class='ocrx_word' id='word_1_317' title='bbox 403 3514 538 3580; x_wconf 85' lang='lat' dir='ltr'>Oantico</span> <span class='ocrx_word' id='word_1_318' title='bbox 560 3513 760 3578; x_wconf 89' lang='lat' dir='ltr'>canticorum</span> <span class='ocrx_word' id='word_1_319' title='bbox 783 3512 922 3599; x_wconf 86' lang='lat' dir='ltr'>Spiritus</span> <span class='ocrx_word' id='word_1_320' title='bbox 945 3519 1074 3574; x_wconf 90' lang='lat' dir='ltr'>sanctus</span> <span class='ocrx_word' id='word_1_321' title='bbox 1096 3532 1138 3574; x_wconf 90' lang='lat' dir='ltr'>ex</span> <span class='ocrx_word' id='word_1_322' title='bbox 1159 3530 1298 3595; x_wconf 87' lang='lat' dir='ltr'>persona</span> 
     </span>
    </p>

    <p class='ocr_par' dir='ltr' id='par_1_28' title="bbox 174 3593 1437 3853">
     <span class='ocr_line' id='line_1_38' title="bbox 179 3593 1437 3743; baseline -0.001 -83"><span class='ocrx_word' id='word_1_323' title='bbox 179 3598 310 3662; x_wconf 90' lang='lat' dir='ltr'>Domini</span> <span class='ocrx_word' id='word_1_324' title='bbox 337 3599 486 3684; x_wconf 87' lang='lat' dir='ltr'>designat</span> <span class='ocrx_word' id='word_1_325' title='bbox 514 3609 547 3664; x_wconf 90' lang='lat' dir='ltr'>et</span> <span class='ocrx_word' id='word_1_326' title='bbox 576 3597 668 3664; x_wconf 91' lang='lat' dir='ltr'>dicit:</span> <span class='ocrx_word' id='word_1_327' title='bbox 707 3599 782 3662; x_wconf 85' lang='lat' dir='ltr'>Uaa</span> <span class='ocrx_word' id='word_1_328' title='bbox 811 3607 857 3660; x_wconf 82' lang='lat' dir='ltr'>eat</span> <span class='ocrx_word' id='word_1_329' title='bbox 878 3595 1026 3660; x_wconf 88' lang='lat' dir='ltr'>celambc</span> <span class='ocrx_word' id='word_1_330' title='bbox 1048 3617 1129 3676; x_wconf 89' lang='lat' dir='ltr'>mea,</span> <span class='ocrx_word' id='word_1_331' title='bbox 1147 3593 1437 3743; x_wconf 46' lang='lat' dir='ltr'>&amp;epectacneea</span> 
     </span>
     <span class='ocr_line' id='line_1_39' title="bbox 175 3676 1298 3766; baseline -0.003 -21"><span class='ocrx_word' id='word_1_332' title='bbox 175 3705 258 3766; x_wconf 84' lang='lat' dir='ltr'>mcc,</span> <span class='ocrx_word' id='word_1_333' title='bbox 287 3706 358 3747; x_wconf 85' lang='lat' dir='ltr'>aaa</span> <span class='ocrx_word' id='word_1_334' title='bbox 379 3694 424 3747; x_wconf 82' lang='lat' dir='ltr'>cet</span> <span class='ocrx_word' id='word_1_335' title='bbox 445 3685 561 3747; x_wconf 79' lang='lat' dir='ltr'>matris</span> <span class='ocrx_word' id='word_1_336' title='bbox 582 3705 664 3747; x_wconf 82' lang='lat' dir='ltr'>auae</span> <span class='ocrx_word' id='word_1_337' title='bbox 686 3683 794 3760; x_wconf 88' lang='lat' dir='ltr'>electa,</span> <span class='ocrx_word' id='word_1_338' title='bbox 823 3681 994 3766; x_wconf 64' lang='lat' dir='ltr'>genitricis</span> <span class='ocrx_word' id='word_1_339' title='bbox 1014 3701 1104 3742; x_wconf 79' lang='lat' dir='ltr'>acac.</span> <span class='ocrx_word' id='word_1_340' title='bbox 1174 3701 1192 3742; x_wconf 94' lang='lat' dir='ltr'>e</span> <span class='ocrx_word' id='word_1_341' title='bbox 1243 3676 1298 3742; x_wconf 90' lang='lat' dir='ltr'>ad·</span> 
     </span>
     <span class='ocr_line' id='line_1_40' title="bbox 174 3758 1298 3853; baseline -0.003 -26"><span class='ocrx_word' id='word_1_342' title='bbox 174 3767 313 3830; x_wconf 85' lang='lat' dir='ltr'>versarii</span> <span class='ocrx_word' id='word_1_343' title='bbox 341 3767 450 3849; x_wconf 86' lang='lat' dir='ltr'>nostri,</span> <span class='ocrx_word' id='word_1_344' title='bbox 480 3768 628 3853; x_wconf 89' lang='lat' dir='ltr'>quamvis</span> <span class='ocrx_word' id='word_1_345' title='bbox 655 3767 720 3852; x_wconf 89' lang='lat' dir='ltr'>ipsi</span> <span class='ocrx_word' id='word_1_346' title='bbox 745 3765 883 3830; x_wconf 78' lang='lat' dir='ltr'>exierint</span> <span class='ocrx_word' id='word_1_347' title='bbox 909 3760 1054 3842; x_wconf 89' lang='lat' dir='ltr'>anobis,</span> <span class='ocrx_word' id='word_1_348' title='bbox 1082 3784 1148 3826; x_wconf 92' lang='lat' dir='ltr'>non</span> <span class='ocrx_word' id='word_1_349' title='bbox 1174 3783 1234 3826; x_wconf 87' lang='lat' dir='ltr'>nos</span> <span class='ocrx_word' id='word_1_350' title='bbox 1256 3758 1298 3824; x_wconf 90' lang='lat' dir='ltr'>ab</span> 
     </span>
    </p>

    <p class='ocr_par' dir='ltr' id='par_1_29' title="bbox 176 3845 1300 4012">
     <span class='ocr_line' id='line_1_41' title="bbox 176 3845 1299 3993; baseline -0.005 -80"><span class='ocrx_word' id='word_1_351' title='bbox 176 3850 268 3934; x_wconf 88' lang='lat' dir='ltr'>ipsis,</span> <span class='ocrx_word' id='word_1_352' title='bbox 304 3861 412 3914; x_wconf 90' lang='lat' dir='ltr'>tamen</span> <span class='ocrx_word' id='word_1_353' title='bbox 445 3851 493 3914; x_wconf 90' lang='lat' dir='ltr'>sic</span> <span class='ocrx_word' id='word_1_354' title='bbox 520 3849 622 3914; x_wconf 89' lang='lat' dir='ltr'>solent</span> <span class='ocrx_word' id='word_1_355' title='bbox 647 3872 681 3914; x_wconf 88' lang='lat' dir='ltr'>ee</span> <span class='ocrx_word' id='word_1_356' title='bbox 711 3847 937 3914; x_wconf 89' lang='lat' dir='ltr'>commendare</span> <span class='ocrx_word' id='word_1_357' title='bbox 964 3845 1060 3910; x_wconf 89' lang='lat' dir='ltr'>dictis</span> <span class='ocrx_word' id='word_1_358' title='bbox 1086 3867 1125 3910; x_wconf 89' lang='lat' dir='ltr'>ac</span> <span class='ocrx_word' id='word_1_359' title='bbox 1153 3845 1299 3993; x_wconf 45' lang='lat' dir='ltr'>scriptis:</span> 
     </span>
     <span class='ocr_line' id='line_1_42' title="bbox 177 3927 1300 4012; baseline -0.006 -14"><span class='ocrx_word' id='word_1_360' title='bbox 177 3933 248 3998; x_wconf 84' lang='lat' dir='ltr'>Noa</span> <span class='ocrx_word' id='word_1_361' title='bbox 270 3935 424 3999; x_wconf 72' lang='lat' dir='ltr'>catholici</span> <span class='ocrx_word' id='word_1_362' title='bbox 443 3955 566 4012; x_wconf 82' lang='lat' dir='ltr'>cumas,</span> <span class='ocrx_word' id='word_1_363' title='bbox 588 3957 648 3998; x_wconf 86' lang='lat' dir='ltr'>aoa</span> <span class='ocrx_word' id='word_1_364' title='bbox 670 3936 708 3997; x_wconf 87' lang='lat' dir='ltr'>ia</span> <span class='ocrx_word' id='word_1_365' title='bbox 729 3935 855 3997; x_wconf 77' lang='lat' dir='ltr'>unitate</span> <span class='ocrx_word' id='word_1_366' title='bbox 876 3931 1026 3996; x_wconf 83' lang='lat' dir='ltr'>eccleciae</span> <span class='ocrx_word' id='word_1_367' title='bbox 1041 3951 1162 3995; x_wconf 78' lang='lat' dir='ltr'>eremas.</span> <span class='ocrx_word' id='word_1_368' title='bbox 1236 3927 1300 3992; x_wconf 91' lang='lat' dir='ltr'>nde</span> 
     </span>
    </p>
   </div>
   <div class='ocr_carea' id='block_1_3' title="bbox 177 4010 1299 4162">
    <p class='ocr_par' dir='ltr' id='par_1_30' title="bbox 177 4010 1299 4162">
     <span class='ocr_line' id='line_1_43' title="bbox 177 4010 1299 4162; baseline -0.003 -84"><span class='ocrx_word' id='word_1_369' title='bbox 177 4019 318 4102; x_wconf 87' lang='lat' dir='ltr'>scriptor</span> <span class='ocrx_word' id='word_1_370' title='bbox 338 4017 422 4082; x_wconf 92' lang='lat' dir='ltr'>illius</span> <span class='ocrx_word' id='word_1_371' title='bbox 451 4016 605 4103; x_wconf 85' lang='lat' dir='ltr'>epistolae</span> <span class='ocrx_word' id='word_1_372' title='bbox 632 4015 775 4103; x_wconf 85' lang='lat' dir='ltr'>appellat</span> <span class='ocrx_word' id='word_1_373' title='bbox 802 4038 858 4080; x_wconf 90' lang='lat' dir='ltr'>eos</span> <span class='ocrx_word' id='word_1_374' title='bbox 880 4015 943 4162; x_wconf 67' lang='lat' dir='ltr'>qui</span> <span class='ocrx_word' id='word_1_375' title='bbox 970 4014 1103 4078; x_wconf 91' lang='lat' dir='ltr'>suntin</span> <span class='ocrx_word' id='word_1_376' title='bbox 1129 4021 1220 4098; x_wconf 89' lang='lat' dir='ltr'>parte</span> <span class='ocrx_word' id='word_1_377' title='bbox 1249 4010 1299 4076; x_wconf 86' lang='lat' dir='ltr'>sui</span> 
     </span>
    </p>
   </div>
   <div class='ocr_carea' id='block_1_4' title="bbox 178 4098 1301 4297">
    <p class='ocr_par' dir='ltr' id='par_1_31' title="bbox 178 4098 1301 4297">
     <span class='ocr_line' id='line_1_44' title="bbox 178 4098 1301 4186; baseline -0.005 -22"><span class='ocrx_word' id='word_1_378' title='bbox 178 4099 330 4186; x_wconf 83' lang='lat' dir='ltr'>Gregorii</span> <span class='ocrx_word' id='word_1_379' title='bbox 351 4101 535 4183; x_wconf 90' lang='lat' dir='ltr'>catholicos,</span> <span class='ocrx_word' id='word_1_380' title='bbox 558 4122 617 4165; x_wconf 88' lang='lat' dir='ltr'>nos</span> <span class='ocrx_word' id='word_1_381' title='bbox 639 4112 757 4181; x_wconf 89' lang='lat' dir='ltr'>autem,</span> <span class='ocrx_word' id='word_1_382' title='bbox 780 4098 878 4184; x_wconf 86' lang='lat' dir='ltr'>quiti</span> <span class='ocrx_word' id='word_1_383' title='bbox 903 4120 953 4161; x_wconf 90' lang='lat' dir='ltr'>cm</span> <span class='ocrx_word' id='word_1_384' title='bbox 969 4107 1151 4162; x_wconf 87' lang='lat' dir='ltr'>sanctorum</span> <span class='ocrx_word' id='word_1_385' title='bbox 1172 4105 1301 4182; x_wconf 86' lang='lat' dir='ltr'>patrum</span> 
     </span>
     <span class='ocr_line' id='line_1_45' title="bbox 178 4245 280 4297; baseline -0.01 -11"><span class='ocrx_word' id='word_1_386' title='bbox 178 4245 204 4297; x_wconf 84' lang='lat' dir='ltr'>a)</span> <span class='ocrx_word' id='word_1_387' title='bbox 220 4249 243 4286; x_wconf 84' lang='lat' dir='ltr'>et</span> <span class='ocrx_word' id='word_1_388' title='bbox 260 4248 280 4286; x_wconf 84' lang='lat'>1.</span> 
     </span>
    </p>
   </div>
   <div class='ocr_carea' id='block_1_5' title="bbox 169 4356 1085 4427">
    <p class='ocr_par' dir='ltr' id='par_1_32' title="bbox 169 4356 1085 4427">
     <span class='ocr_line' id='line_1_46' title="bbox 169 4356 1085 4427; baseline -0.002 -19"><span class='ocrx_word' id='word_1_389' title='bbox 169 4357 272 4424; x_wconf 84' lang='lat' dir='ltr'>.1)·of.</span> <span class='ocrx_word' id='word_1_390' title='bbox 293 4359 389 4411; x_wconf 78' lang='lat' dir='ltr'>Cicero</span> <span class='ocrx_word' id='word_1_391' title='bbox 408 4377 456 4427; x_wconf 89' lang='lat' dir='ltr'>pro</span> <span class='ocrx_word' id='word_1_392' title='bbox 476 4360 577 4413; x_wconf 88' lang='lat' dir='ltr'>Milone</span> <span class='ocrx_word' id='word_1_393' title='bbox 597 4362 624 4424; x_wconf 79' lang='lat'>4,</span> <span class='ocrx_word' id='word_1_394' title='bbox 645 4360 694 4410; x_wconf 84' lang='lat'>10:</span> <span class='ocrx_word' id='word_1_395' title='bbox 714 4357 796 4426; x_wconf 68' lang='lat' dir='ltr'>Leges</span> <span class='ocrx_word' id='word_1_396' title='bbox 815 4356 893 4410; x_wconf 75' lang='lat' dir='ltr'>sileat</span> <span class='ocrx_word' id='word_1_397' title='bbox 911 4357 980 4408; x_wconf 83' lang='lat' dir='ltr'>inter</span> <span class='ocrx_word' id='word_1_398' title='bbox 999 4369 1085 4406; x_wconf 80' lang='lat' dir='ltr'>arma.</span> 
     </span>
    </p>
   </div>
   <div class='ocr_carea' id='block_1_6' title="bbox 0 0 1570 4822">
    <p class='ocr_par' dir='ltr' id='par_1_33' title="bbox 0 0 1570 4822">
     <span class='ocr_line' id='line_1_47' title="bbox 0 0 1570 4822; baseline 0 0"><span class='ocrx_word' id='word_1_399' title='bbox 0 0 1570 4822; x_wconf 95' lang='lat' dir='ltr'> </span> 
     </span>
    </p>
   </div>
  </div>
 </body>
</html>
