3114 4814
329 323 380 372 DE
400 321 559 372 UNITATE
579 322 782 374 EOOLESIAE
803 323 1080 376 CONSERVANDA.
1217 325 1268 374 125

142 493 327 556 nescierunt
342 499 374 554 et
388 490 421 552 in
436 491 524 553 viam
539 511 632 553 suam
646 489 896 571 declinaverunt,
916 491 980 574 ipsi
995 493 1107 578 utique
1146 503 1268 558 astores

141 578 374 662 ignoraverunt
386 571 640 658 intelligentiam,
663 575 747 639 sicut
768 575 846 638 dicit
860 574 1020 638 Dominus
1039 599 1098 661 per
1113 515 1268 640 liesaiam

143 659 351 746 prophetam:
374 658 519 742 Aperite,
541 659 656 806 ianuit,
667 669 797 742 portes,
813 668 842 721 et
855 661 1069 744 ingredietur
1083 684 1163 746 pens
1178 665 1268 726 iuste
1278 644 1391 744 ¹³3²&
1401 645 1423 689 ⁸·

144 745 330 809 custodiens
362 745 540 806 ceritatem.
615 752 683 805 etus
712 765 806 807 error
838 743 930 822 abiit,
964 743 1109 808 servabis
1137 767 1267 829 pacem,

145 831 226 914 quin
247 831 285 892 in
307 837 336 890 te
358 827 574 910 speravimus.
612 827 764 908 Domine,
788 827 884 891 dahis
926 850 1014 892 ecem
1030 828 1132 910 nohis,
1156 833 1268 894 omnin

145 914 231 976 enim
260 933 360 996 opera
389 919 504 974 nostre
533 919 689 994 operatas
719 933 751 974 ee
786 912 823 974 in
852 849 954 974 nohis.
1004 913 1144 978 Domine
1178 911 1269 977 Dens

144 1005 263 1075 noster,
287 994 525 1079 possederant⁸
558 1015 618 1057 nos
646 994 773 1058 domini
801 995 921 1080 absque
950 1005 988 1074 te,
1018 1005 1144 1060 tantum
1173 999 1211 1060 in
1241 1006 1269 1060 te

143 1079 352 1144 recordemur
373 1079 517 1142 nominis
538 1080 596 1141 tui.
634 1079 705 1162 Epo
728 1081 814 1142 enim
836 1101 917 1158 enm,
940 1079 986 1142 ait
1007 1079 1178 1159 Dominus,
1200 1082 1404 1161 vin,10u.1r‚e.

144 1166 267 1228 ceritas
289 1173 317 1227 et
332 1163 409 1226 cita.
444 1159 509 1225 Sed
525 1159 656 1258 Moyses
671 1171 837 1247 sequester
858 1183 896 1225 ac
911 1161 1038 1227 medius
1061 1163 1144 1228 inter
1159 1165 1267 1227 Deum

145 1257 178 1312 et
212 1245 369 1332 populum
402 1243 525 1309 Israhel
558 1243 642 1310 dixit
674 1245 716 1309 ad
748 1247 858 1310 Aaron
890 1245 1090 1310 sacerdotem
1123 1249 1267 1330 Domini,

145 1331 275 1417 quando
303 1341 373 1394 orta
401 1339 450 1394 est
480 1328 596 1394 seditio
625 1337 723 1415 atque
745 1328 899 1393 tumultus
922 1332 956 1393 in
978 1330 1114 1396 ecclesia
1136 1331 1209 1410 Dei,
1232 1341 1269 1396 ut

144 1428 233 1479 stans
262 1415 457 1478 interrivos
484 1421 517 1478 et
542 1421 686 1477 mortuos
710 1423 815 1478 oraret
835 1435 895 1498 pro
917 1415 1047 1500 populo,
1069 1424 1105 1478 ut
1128 1424 1269 1480 cessaret

168 1497 199 1561 la
223 1521 242 1562 a
264 1497 370 1580 abeo,
393 1499 485 1561 cuius
501 1519 599 1562 causa
613 1497 761 1562 interitus
780 1509 848 1562 erat
863 1499 980 1562 scisma
1001 1520 1061 1584 pro
1077 1500 1266 1568 sacerdotio,

143 1521 240 1647 ilnde
270 1581 396 1645 locutus
429 1590 479 1646 est
504 1580 546 1646 ad
574 1580 680 1646 Chore
715 1593 747 1647 et
778 1581 819 1645 ad
853 1603 980 1647 omnem
1013 1581 1267 1648 multitudinem:

145 1668 257 1748 Mane,
278 1666 392 1752 inquit,
414 1676 527 1731 notum
539 1665 650 1750 faciet
670 1666 845 1747 Dominus,
868 1670 927 1750 qni
949 1669 995 1732 ed
1018 1691 1050 1732 se
1068 1671 1422 1752 pertineant,uum,1⁶,5,

146 1761 175 1815 et
190 1761 320 1815 sanctos
341 1774 363 1814 n
382 1751 523 1835 plicahit
545 1751 619 1830 sihi,
642 1759 671 1815 et
693 1773 772 1835 qnos
795 1751 925 1836 elegerit
948 1752 1268 1837 appropinquabunt

146 1836 186 1898 ei.
220 1835 264 1898 Et
286 1837 335 1898 nit
389 1837 517 1899 ominus
540 1835 586 1898 ad
600 1835 754 1920 Moysen:
778 1834 947 1918 ‘Praecipc
962 1837 1116 1900 universo
1129 1831 1392 1930 popule,{¹,¹¹{·,¹,⁶·

146 1928 183 1983 nt
210 1927 383 2003 separetur
412 1941 434 1982 c
463 1918 687 1982 tabernaculis
719 1918 820 1984 Chore
848 1927 876 1982 et
901 1919 1042 1982 Bathea
1071 1929 1100 1982 et
1121 1920 1267 1982 Ahiron'.
1375 1917 1380 1929 “

145 2003 360 2088 Snrrercitqne
375 2003 503 2088 Moyses
526 2011 555 2064 et
570 2002 652 2066 ahiit
667 2002 713 2066 ud
727 2002 868 2066 Dathnn
883 2011 912 2064 et
926 2003 1053 2067 Ahiron
1073 2011 1111 2083 et,
1133 2025 1266 2086 sequen-

146 2087 232 2150 tibus
254 2110 326 2150 enm
347 2085 530 2150 senioribus
549 2086 686 2166 Israhel,
710 2087 798 2150 dinit
821 2087 866 2150 cd
887 2087 1032 2150 turham:
1063 2087 1223 2150 ‘Recedite
1247 2111 1268 2149 a

148 2170 373 2234 tabernaculis
396 2170 563 2234 hominnm
584 2172 763 2254 impiorum
786 2179 814 2234 et
835 2169 934 2235 nolite
956 2179 1090 2256 tangere
1112 2193 1196 2255 qnae
1223 2169 1268 2232 nd

147 2275 202 2319 ees
219 2256 398 2338 pertinent,
421 2275 461 2318 nc
483 2253 702 2320 involvamini
723 2257 759 2317 in
777 2257 925 2337 peccatis
947 2256 1086 2334 eornm,
1109 2263 1141 2317 et
1162 2262 1269 2317 cetera

146 2337 187 2402 de
203 2337 377 2402 eorundem
396 2337 653 2401 scismaticorum
675 2337 852 2422 suppliciis,
876 2359 958 2422 quae
981 2339 1088 2401 omnia
1109 2339 1142 2400 in
1164 2337 1269 2420 figura

146 2421 378 2506 contingebant
412 2419 490 2502 illis3
534 2424 661 2505 scripte
697 2432 773 2485 sunt
810 2431 918 2484 autem
954 2423 999 2485 ed
1041 2425 1268 2486 correctionem

147 2515 305 2586 nostram,
333 2507 371 2569 in
403 2528 483 2590 qnos
502 2505 590 2588 fines
619 2505 823 2568 saeculorum
852 2505 1060 2584 devenerunt,
1084 2505 1167 2568 sicut
1189 2504 1268 2568 dicit
1279 2527 1431 2581 1.cor.10,11.

146 2589 321 2674 apostolus.
365 2589 461 2652 Unde
491 2587 769 2672 consyderandum
791 2597 848 2668 est,
880 2609 976 2672 quem
999 2609 1040 2650 ex
1065 2589 1115 2652 his
1138 2587 1270 2672 elegerit

145 2674 319 2753 Dominus,
347 2683 454 2736 utrum
477 2671 683 2757 Wighertum
704 2693 746 2734 an
767 2669 1008 2735 Hiltebrantum
1034 2670 1086 2735 vel
1115 2673 1165 2734 sui
1193 2672 1270 2734 scis-

146 2757 242 2822 matis
264 2778 484 2821 successorem
507 2757 673 2841 Sergium¹
698 2758 766 2819 sive
784 2753 874 2818 illum
894 2755 1046 2820 Ottenem
1068 2753 1270 2839 sacrilegum,

146 2843 215 2927 qui,
244 2843 326 2906 sicut
353 2842 475 2906 dictum
502 2850 551 2904 est
580 2861 687 2926 supra,
714 2840 838 2902 furatus
868 2849 917 2902 est
944 2837 1151 2903 ecclesiarum
1172 2839 1271 2924 privi-

145 2925 241 3010 legia,
261 2924 477 2990 ordinationes
494 2924 614 2988 faciens
635 2925 669 2986 in
683 2921 796 2986 alienis
810 2922 990 3008 parrochiis
1013 2933 1124 2986 contra
1146 2932 1270 2986 sancto-

144 3031 219 3074 rum
235 3030 392 3074 canonum
411 3009 551 3090 decreta,
572 3018 608 3072 ut
630 3007 788 3072 eiusmodi
810 3006 971 3090 sacrilegii
992 3007 1141 3091 exemplo
1163 3007 1270 3072 aditus

145 3095 310 3178 ianuaque
370 3093 507 3156 andatur
540 3091 688 3157 omnibus
721 3091 880 3174 hereticis,
914 3091 941 3155 si
973 3089 1045 3156 talis
1078 3091 1174 3156 fuerit
1205 3113 1271 3156 non

170 3187 268 3258 aster,
302 3199 335 3242 se
390 3177 522 3242 invasor
551 3175 746 3261 apostolicae
778 3173 873 3258 sedis,
907 3173 1011 3262 qualis
1040 3185 1125 3240 certe
1158 3175 1210 3239 fur
1239 3185 1272 3240 et

182 3259 342 3326 ildebrant
369 3261 439 3344 fuit,
469 3260 621 3347 quoniam
650 3267 786 3339 constat,
808 3282 883 3323 eum
906 3282 982 3323 oves
1005 3257 1125 3323 Christi
1150 3261 1271 3322 nonin

146 3367 249 3410 unum
276 3366 501 3430 congregasse,
533 3343 590 3408 sed
617 3365 717 3406 unum
746 3341 831 3408 ovile
853 3342 973 3408 Ohristi
1002 3343 1184 3428 dissipasse,
1237 3345 1271 3408 ui

148 3439 181 3494 et
207 3431 412 3529 praecipiens
440 3439 497 3493 aut
524 3429 737 3509 consentiens,
759 3427 887 3492 illicitas
909 3438 1006 3514 atque
1028 3427 1164 3490 furtivas
1186 3365 1270 3491 oidi-

146 3524 294 3578 nauones
323 3513 391 3577 fieri
419 3515 454 3576 in
481 3511 800 3598 metropolitanorum
830 3512 1055 3597 episcoporum
1082 3511 1269 3596 parrochiis,

148 3596 300 3662 soliavit
328 3596 479 3661 ecclesias
509 3597 576 3660 suis
600 3595 793 3696 privilegiis,
821 3596 969 3682 ideoque,
990 3596 1082 3660 iuxta
1104 3594 1190 3680 quod
1212 3619 1271 3682 per

184 3681 343 3746 alachiam
363 3681 553 3767 prophetam
576 3679 695 3746 d1citur
715 3703 736 3744 a
749 3680 906 3744 Domino:
929 3681 1412 3764 DisperdiditDomi-uu.a,1s.

148 3788 213 3830 nne
236 3769 345 3830 virum
367 3767 425 3849 qni
429 3765 516 3850 fecit
534 3766 604 3846 hoc,
626 3767 822 3851 magistrum
843 3773 872 3830 et
894 3764 1093 3850 discipulum
1115 3765 1154 3830 de
1168 3765 1272 3828 teher-

149 3847 283 3914 nncnh‘s
299 3849 406 3930 Incoh,
430 3848 487 3912 ubi
501 3857 551 3912 est
571 3860 756 3913 sanctorum
772 3851 997 3935 congregatio,
1021 3849 1172 3934 quoniam
1188 3870 1272 3911 unus

148 3931 246 4020 paulo
273 3943 357 4019 post,
390 3955 454 4018 quo
475 3942 610 3997 venerat
639 3932 808 4018 profugus,
835 3933 877 3996 ad
908 3931 1075 3997 Salernum
1101 3929 1272 3996 defunctus

148 4029 200 4082 est
220 4018 255 4080 in
276 4019 417 4082 externis
439 4016 670 4098 mansionibus,
693 4026 725 4081 et
746 4016 827 4081 alter
848 4039 934 4080 nunc
956 4037 1057 4101 usque
1079 4025 1216 4100 vagatur
1237 4016 1272 4078 in

147 4103 281 4166 incertis
303 4100 445 4166 sedibus.
489 4099 586 4164 Tales
614 4109 700 4164 certe
728 4099 780 4164 vel
801 4099 935 4165 heretici
955 4097 1007 4164 vel
1029 4100 1204 4164 scismatici
1225 4100 1271 4162 in-

150 4226 172 4281 a)
188 4229 339 4280 possiderunt
356 4232 377 4270 l.

150 4324 180 4392 1)
199 4324 373 4377 Desideriurn
394 4325 582 4377 Caeninensem
604 4322 753 4392 (Victorem
772 4323 828 4386 111)
847 4322 1008 4389 intellegere
1027 4321 1143 4373 videtur.
