3114 4814
287 365 324 415 84
477 365 528 416 DE
546 364 706 416 UNITATE
725 363 931 416 acchaeus
951 362 1229 416 CONSERVANDA.

287 540 418 592 audacter
437 537 541 606 capetit,
565 555 620 588 aaa
638 537 759 604 requirit,
780 538 829 590 sed
847 544 970 589 emaum
988 537 1105 589 moribus
1124 537 1198 589 etia
1215 536 1304 589 ueta
1322 535 1415 588 medi-

289 631 352 674 um.
386 605 445 670 Ille
466 614 574 671 autem
596 627 694 690 saepe
722 605 827 670 dictus
850 605 929 670 Otto
951 606 1204 691 praecipitanter
1224 603 1362 668 ambivit
1382 612 1416 668 et

288 691 409 754 invasit
422 690 532 755 sedem
546 687 769 775 apostolicam,
791 711 869 754 usus
884 711 983 753 manu
1001 699 1034 754 et
1046 687 1170 754 auxilio
1184 689 1413 774 pessimorum,

288 773 377 860 apud
398 795 481 860 quos
502 794 562 838 nec
577 772 758 838 divinarum
780 796 842 838 nec
855 773 1070 837 humanarum
1085 772 1172 838 valet
1191 771 1315 858 aliquid
1336 792 1414 836 con·

288 859 413 923 stitutio
423 857 542 944 legum.
565 857 794 943 Symmachus¹
809 878 906 944 papa,
920 856 1063 942 generali
1076 856 1264 943 praesidens
1276 854 1415 941 synodo,

289 941 385 1006 dixit:
407 956 440 1008 si
451 956 519 1024 quie,
534 973 612 1022 papa
623 956 784 1021 superstite¹
802 963 827 1008 et
843 973 875 1008 ec
894 954 1050 1020 incanum,
1069 963 1118 1008 cut
1129 953 1347 1020 subscriptivam
1360 970 1414 1019 pre

288 1032 410 1084 Boraeuo
440 1029 598 1096 pontificatu
627 1029 793 1081 comasodere
823 1035 872 1079 eut
894 1046 948 1094 pro
975 1023 1051 1080 atiel>
1070 1031 1225 1096 promittere
1249 1036 1297 1078 eut
1319 1044 1414 1078 sacrm

288 1112 405 1157 mmtum
424 1103 556 1170 praeben
581 1101 747 1168 temptaverit
772 1108 820 1152 eut
839 1102 950 1169 aliquod
969 1112 1037 1154 certe
1056 1103 1216 1172 euffrcpium
1229 1101 1353 1168 polliceri
1371 1101 1415 1152 cel

288 1180 323 1231 de
341 1179 392 1230 huc
410 1194 495 1229 cauea
509 1176 627 1242 priuatis
643 1174 833 1227 metuemus
843 1177 931 1243 saetie
949 1175 1097 1229 datheus
1115 1176 1220 1242 aliquid
1239 1181 1307 1226 aut⁰
1325 1174 1415 1225 decer·

288 1278 353 1314 aare
367 1257 579 1326 praesumpserit
586 1253 610 1320 θ,
630 1258 680 1308 loci
697 1258 742 1309 sui
759 1256 888 1323 dipaitate
907 1259 949 1309 cel
967 1259 1147 1311 communione
1160 1258 1294 1324 privetur.
1324 1241 1414 1306 Ecce

288 1337 398 1393 autem
426 1328 461 1388 in
489 1326 624 1412 privatis
655 1323 889 1389 conventiculis
916 1327 1025 1411 agitur
1051 1326 1092 1390 de
1113 1325 1306 1425 pontificatu
1327 1323 1414 1388 sedis

289 1409 499 1498 apostolicae,
528 1430 612 1495 quae
638 1409 700 1472 sub
728 1407 944 1473 Hildebranto
973 1419 1060 1475 certe
1088 1411 1218 1476 vedetur
1243 1407 1416 1496 privilegia

289 1497 448 1583 primatus
470 1494 520 1556 sui
533 1493 690 1575 amisisse,
713 1514 786 1557 cum
801 1494 872 1578 ipse
886 1493 1025 1560 voluerit
1045 1516 1112 1558 non
1125 1494 1215 1580 apud
1229 1515 1311 1575 eam,
1330 1514 1414 1579 qnae

290 1590 393 1644 mater
414 1586 463 1642 est
484 1577 627 1640 omnium
649 1576 868 1660 ecclesiarum,
890 1577 948 1643 sed
962 1580 996 1642 in
1011 1589 1104 1665 parte
1125 1600 1257 1643 suornm
1279 1599 1350 1640 esse
1363 1578 1415 1642 ius

289 1671 549 1751 potestatemque
575 1659 741 1726 iudicandi
768 1683 833 1725 non
860 1660 965 1726 solum
986 1661 1028 1726 de
1049 1684 1244 1749 unaquaque
1265 1660 1415 1744 ecclesia,

290 1748 348 1813 sed
377 1747 418 1811 de
446 1745 520 1894 ipsa
546 1766 675 1832 quoque
697 1746 844 1810 Romana
860 1746 1005 1814 eeclesia.
1039 1747 1195 1834 Ideoque,
1219 1747 1304 1810 siout
1324 1744 1414 1809 Leo²

290 1853 378 1919 papa
398 1831 463 1896 scri
487 1831 512 1894 it
532 1842 565 1894 et
586 1828 744 1894 catholica
763 1829 902 1896 ecclesia
916 1833 1089 1896 consentit:
1110 1845 1284 1913 Prieiteqium
1301 1850 1416 1897 mustus

290 1923 397 1976 unnim
423 1920 551 1985 amittere,
577 1919 624 1986 qui
637 1919 772 1986 permissa
789 1920 842 1972 eibi
860 1921 979 1972 abutitur
991 1927 1132 1987 potestate.

375 1990 428 2054 24.
466 1987 554 2052 Ecce
575 1988 662 2050 enim
682 1988 771 2052 idem
787 1987 983 2053 Hildebrant
998 1987 1222 2054 coloniensem
1245 1983 1415 2050 ecclesiam

291 2074 358 2138 suis
398 2093 528 2158 quoque
566 2070 746 2156 privilegiis
779 2071 940 2157 spoliavit,
978 2073 1035 2158 qui
1067 2071 1229 2154 Hartvigo
1260 2067 1416 2154 Magada-

289 2157 463 2242 hnrgensis
496 2152 653 2220 ecclesiae
683 2157 836 2240 episcopo
870 2155 932 2220 hoc
960 2157 1122 2221 concessit
1153 2165 1186 2220 et
1217 2153 1280 2216 hoc
1312 2153 1416 2232 iussit,

291 2249 328 2305 ut
353 2241 508 2305 terminos
536 2247 667 2324 patrum
695 2237 984 2324 transgrediendo⁰
1013 2240 1180 2305 invaderet
1211 2237 1417 2323 parrochiam

291 2323 423 2388 alterius
444 2321 682 2408 metropolitani
702 2323 848 2408 episcopi
870 2333 903 2388 et
918 2322 1083 2389 ordinaret
1103 2325 1295 2409 episcopum
1318 2341 1416 2407 quen-

292 2408 368 2472 dam
390 2405 633 2506 Reginhardum
654 2407 689 2469 in
710 2406 873 2470 Mindensi
894 2408 1047 2472 ecclesia³
1070 2407 1112 2472 ad
1140 2414 1361 2491 contemptum
1386 2411 1419 2468 et

292 2493 334 2556 ad
355 2492 505 2554 iniunam
529 2489 677 2575 sigiwini
699 2489 900 2556 Coloniensis
922 2491 1170 2578 archiepiscopi.
1222 2489 1417 2554 Henetiam

292 2573 443 2662 exemplo
458 2584 655 2639 memoratus
669 2573 748 2640 Otto
764 2577 936 2662 episcopus
953 2576 1065 2642 Ostiae
1079 2576 1303 2661 Moguntinam
1318 2571 1418 2637 eccle·

292 2661 375 2724 siam
404 2659 472 2723 suis
524 2680 632 2744 uoque
660 2659 839 2745 privilegiis
868 2659 1020 2746 spoliavit
1045 2671 1143 2746 atque
1163 2660 1235 2744 ipse
1256 2669 1417 2742 transgre-

292 2742 410 2810 diendo
433 2744 493 2807 sim
542 2744 695 2808 terminos
716 2753 845 2830 patrum
866 2744 1070 2830 parrochiam
1092 2741 1330 2828 metropohtani
1351 2743 1418 2841 epi-

292 2851 348 2894 sco
373 2828 385 2891 i
406 2829 527 2892 invasit
547 2836 581 2892 et
601 2827 643 2891 ad
665 2839 883 2914 contemptum
905 2838 1002 2914 atque
1023 2828 1066 2892 ad
1087 2829 1237 2890 iniuriam
1258 2825 1418 2891 Wezehni

292 2851 528 2998 archiepiscopi
548 2909 777 2977 Gebehardum
800 2911 962 2999 quendam
975 2914 1009 2975 in
1025 2911 1264 2977 constantiensi
1283 2909 1419 2975 ecclesia

293 2999 483 3083 episcopum
505 2995 676 3077 ordinavit,
698 3018 774 3060 cum
795 2995 901 3059 adhuc
922 2997 1018 3060 etiam
1040 2997 1177 3060 vixisset
1195 2995 1272 3061 Otto
1294 2995 1419 3081 episco-

293 3103 355 3166 pus
384 3080 487 3164 ipsius
510 3077 765 3144 Constantiensis
794 3079 966 3162 ecclesiae;
993 3079 1051 3144 sed
1077 3081 1143 3144 iam
1188 3078 1291 3143 ridem
1312 3080 1354 3141 ab
1377 3099 1418 3142 ea

294 3161 451 3251 expulsus
473 3171 523 3226 est
543 3163 708 3248 iniuriose,
731 3165 807 3250 quia
827 3163 931 3229 noluit
950 3165 986 3228 in
1007 3174 1099 3250 parte
1121 3102 1325 3228 Hiidebranti
1346 3182 1417 3226 esse

295 3257 328 3312 et
350 3270 420 3313 esse
435 3248 670 3312 communionis
692 3258 856 3313 externae.
890 3247 945 3313 Sic
961 3270 1037 3314 vero
1060 3258 1244 3313 sanctorum
1259 3267 1418 3311 canonum

294 3331 424 3418 regulae
454 3330 679 3396 custodiuntur
707 3341 740 3397 et
766 3333 930 3398 observari
956 3331 1150 3398 mandantur
1169 3330 1284 3397 veleb
1306 3329 1418 3396 Hilde-

294 3415 410 3482 branto
439 3415 491 3482 vel
518 3415 560 3480 ab
588 3414 718 3497 Ottone,
768 3439 804 3481 ro
835 3417 952 3504 quibus
979 3437 1049 3499 vos,
1099 3417 1133 3480 ui
1161 3415 1288 3480 habetis
1313 3417 1418 3478 uelum

295 3522 452 3583 amarum,
482 3498 630 3565 occiditis
658 3508 690 3564 et
715 3439 835 3576 ueiens,
862 3500 997 3600 litigatis
1024 3509 1057 3566 et
1077 3439 1289 3586 heiligeratia
1314 3521 1356 3563 ne
1378 3499 1421 3563 sit

296 3583 378 3649 alius
404 3583 557 3683 pontifex
586 3581 671 3648 sedis
703 3582 908 3683 apostolieae,
940 3585 1004 3649 nusi
1034 3607 1093 3684 per
1122 3607 1218 3670 quem
1247 3582 1420 3682 disciplina

297 3667 454 3733 eccleslae
475 3677 637 3734 evertatur
659 3675 690 3731 et
711 3690 766 3754 qur
788 3677 900 3733 contra
920 3677 1143 3734 auctoritatem
1158 3669 1293 3732 Domini
1307 3689 1419 3732 ventre

297 3752 457 3831 videatur,
477 3753 592 3815 utiam
608 3751 757 3844 omnibus
772 3751 919 3818 hereticis
940 3753 1048 3820 aditus
1069 3755 1229 3838 ianuaque
1247 3754 1418 3838 pandatur.

297 3941 322 3995 a)
337 3941 448 3983 incolumi
464 3940 507 3982 Oet.
566 3940 591 3992 b)
607 3943 704 3992 ptttecto
720 3943 766 3985 (tet.
826 3942 848 3995 c)
865 3945 935 3985 delib.
951 3948 1020 3995 etque
1036 3946 1130 3986 decern.
1147 3943 1191 3984 eu.
1260 3942 1284 3994 d)
1301 3944 1357 3984 deest
1373 3942 1420 3984 Get.

298 4001 319 4054 e)
335 4014 359 4053 p.
376 4005 404 4043 tr.
421 4003 512 4051 petrum
528 4000 576 4043 tnv.
596 4003 616 4042 1.

301 4171 327 4234 1)
347 4171 493 4221 Decretum
512 4168 642 4236 synodale
662 4170 816 4236 Symmachi
835 4187 931 4238 papae,
950 4171 1028 4223 Thiel
1047 4172 1070 4234 1,
1089 4190 1115 4239 p.
1130 4171 1191 4224 646,
1250 4173 1278 4236 2)
1298 4172 1420 4221 Decreta

298 4244 399 4295 Leonis
419 4243 453 4295 ad
474 4245 557 4310 episc.
578 4243 697 4295 diversos
716 4261 760 4310 ep.
780 4245 940 4297 Hinschium
959 4262 985 4313 p.
1002 4245 1064 4296 614.
1121 4243 1152 4311 3)
1173 4245 1214 4296 cf.
1234 4246 1304 4296 Ann.
1318 4244 1420 4310 Yburg.

299 4333 325 4369 a.
344 4317 424 4381 1080,
446 4317 494 4368 SS.
513 4317 584 4380 XVI,
610 4335 636 4384 p.
657 4317 720 4369 43⁷.
