<?xml version="1.0" encoding="UTF-8"?>
<!DOCTYPE html PUBLIC "-//W3C//DTD XHTML 1.0 Transitional//EN"
    "http://www.w3.org/TR/xhtml1/DTD/xhtml1-transitional.dtd">
<html xmlns="http://www.w3.org/1999/xhtml" xml:lang="en" lang="en">
 <head>
  <title>
</title>
<meta http-equiv="Content-Type" content="text/html;charset=utf-8" />
  <meta name='ocr-system' content='tesseract 3.04.00' />
  <meta name='ocr-capabilities' content='ocr_page ocr_carea ocr_par ocr_line ocrx_word'/>
</head>
<body>
  <div class='ocr_page' id='page_1' title='image "./waltramiutvidet01schwgoog_0081.png"; bbox 0 0 3116 4822; ppageno 0'>
   <div class='ocr_carea' id='block_1_1' title="bbox 315 374 1262 432">
    <p class='ocr_par' dir='ltr' id='par_1_1' title="bbox 315 374 1262 432">
     <span class='ocr_line' id='line_1_1' title="bbox 315 374 1262 432; baseline 0.004 -6"><span class='ocrx_word' id='word_1_1' title='bbox 315 375 366 426; x_wconf 83' lang='lat' dir='ltr'><strong>DE</strong></span> <span class='ocrx_word' id='word_1_2' title='bbox 386 375 544 426; x_wconf 80' lang='lat' dir='ltr'><strong>UNITATE</strong></span> <span class='ocrx_word' id='word_1_3' title='bbox 564 374 769 430; x_wconf 77' lang='lat' dir='ltr'>EOOIAESIAE</span> <span class='ocrx_word' id='word_1_4' title='bbox 791 377 1069 432; x_wconf 75' lang='lat' dir='ltr'><strong>CONSERVANDA.</strong></span> <span class='ocrx_word' id='word_1_5' title='bbox 1228 379 1262 430; x_wconf 78' lang='lat'><strong>56</strong></span> 
     </span>
    </p>
   </div>
   <div class='ocr_carea' id='block_1_2' title="bbox 142 543 1423 3414">
    <p class='ocr_par' dir='ltr' id='par_1_2' title="bbox 142 543 1423 1560">
     <span class='ocr_line' id='line_1_2' title="bbox 145 543 1340 644; baseline 0.004 -34"><span class='ocrx_word' id='word_1_6' title='bbox 145 546 269 610; x_wconf 89' lang='lat' dir='ltr'><strong>occisus</strong></span> <span class='ocrx_word' id='word_1_7' title='bbox 298 554 355 626; x_wconf 90' lang='lat' dir='ltr'><strong>est,</strong></span> <span class='ocrx_word' id='word_1_8' title='bbox 386 543 534 629; x_wconf 85' lang='lat' dir='ltr'><strong>proximo</strong></span> <span class='ocrx_word' id='word_1_9' title='bbox 563 543 679 609; x_wconf 90' lang='lat' dir='ltr'><strong>dehinc</strong></span> <span class='ocrx_word' id='word_1_10' title='bbox 707 566 791 609; x_wconf 91' lang='lat' dir='ltr'><strong>anno</strong></span> <span class='ocrx_word' id='word_1_11' title='bbox 820 553 954 644; x_wconf 87' lang='lat' dir='ltr'><strong>uterque</strong></span> <span class='ocrx_word' id='word_1_12' title='bbox 982 545 1082 629; x_wconf 90' lang='lat' dir='ltr'><strong>locus,</strong></span> <span class='ocrx_word' id='word_1_13' title='bbox 1113 548 1168 634; x_wconf 92' lang='lat' dir='ltr'><strong>qui</strong></span> <span class='ocrx_word' id='word_1_14' title='bbox 1195 557 1340 616; x_wconf 82' lang='lat' dir='ltr'><strong>eratrosr.</strong></span> 
     </span>
     <span class='ocr_line' id='line_1_3' title="bbox 144 626 1263 716; baseline 0.003 -22"><span class='ocrx_word' id='word_1_15' title='bbox 144 631 307 716; x_wconf 81' lang='lat' dir='ltr'>particeps</span> <span class='ocrx_word' id='word_1_16' title='bbox 336 637 369 694; x_wconf 90' lang='lat' dir='ltr'><strong>et</strong></span> <span class='ocrx_word' id='word_1_17' title='bbox 398 626 562 692; x_wconf 83' lang='lat' dir='ltr'><strong>electionis</strong></span> <span class='ocrx_word' id='word_1_18' title='bbox 591 637 623 693; x_wconf 91' lang='lat' dir='ltr'><strong>et</strong></span> <span class='ocrx_word' id='word_1_19' title='bbox 652 629 862 694; x_wconf 85' lang='lat' dir='ltr'><strong>ordinationis</strong></span> <span class='ocrx_word' id='word_1_20' title='bbox 888 652 966 712; x_wconf 84' lang='lat' dir='ltr'><strong>erus,</strong></span> <span class='ocrx_word' id='word_1_21' title='bbox 992 653 1034 695; x_wconf 88' lang='lat' dir='ltr'><strong>ex</strong></span> <span class='ocrx_word' id='word_1_22' title='bbox 1055 631 1121 696; x_wconf 91' lang='lat' dir='ltr'><strong>Dei</strong></span> <span class='ocrx_word' id='word_1_23' title='bbox 1142 631 1263 698; x_wconf 91' lang='lat' dir='ltr'><strong>iudicio</strong></span> 
     </span>
     <span class='ocr_line' id='line_1_4' title="bbox 143 713 1263 801; baseline 0.002 -22"><span class='ocrx_word' id='word_1_24' title='bbox 143 716 325 800; x_wconf 90' lang='lat' dir='ltr'><strong>perignem</strong></span> <span class='ocrx_word' id='word_1_25' title='bbox 347 721 557 799; x_wconf 91' lang='lat' dir='ltr'><strong>consumptus</strong></span> <span class='ocrx_word' id='word_1_26' title='bbox 580 722 637 778; x_wconf 89' lang='lat' dir='ltr'><strong>est.</strong></span> <span class='ocrx_word' id='word_1_27' title='bbox 669 713 752 777; x_wconf 89' lang='lat' dir='ltr'><strong>Nam</strong></span> <span class='ocrx_word' id='word_1_28' title='bbox 775 735 856 799; x_wconf 91' lang='lat' dir='ltr'><strong>opus</strong></span> <span class='ocrx_word' id='word_1_29' title='bbox 878 713 955 778; x_wconf 94' lang='lat' dir='ltr'><strong>illud</strong></span> <span class='ocrx_word' id='word_1_30' title='bbox 978 716 1162 801; x_wconf 89' lang='lat' dir='ltr'><strong>speciosum</strong></span> <span class='ocrx_word' id='word_1_31' title='bbox 1177 717 1263 784; x_wconf 87' lang='lat' dir='ltr'><strong>Hen-</strong></span> 
     </span>
     <span class='ocr_line' id='line_1_5' title="bbox 143 796 1262 888; baseline 0.004 -26"><span class='ocrx_word' id='word_1_32' title='bbox 143 797 225 864; x_wconf 88' lang='lat' dir='ltr'><strong>richi</strong></span> <span class='ocrx_word' id='word_1_33' title='bbox 246 798 333 884; x_wconf 89' lang='lat' dir='ltr'><strong>regis</strong></span> <span class='ocrx_word' id='word_1_34' title='bbox 355 796 487 861; x_wconf 89' lang='lat' dir='ltr'><strong>secundi</strong></span> <span class='ocrx_word' id='word_1_35' title='bbox 510 797 606 862; x_wconf 92' lang='lat' dir='ltr'><strong>etim</strong></span> <span class='ocrx_word' id='word_1_36' title='bbox 632 799 765 862; x_wconf 88' lang='lat' dir='ltr'><strong>cratoris</strong></span> <span class='ocrx_word' id='word_1_37' title='bbox 786 798 892 884; x_wconf 91' lang='lat' dir='ltr'><strong>primi,</strong></span> <span class='ocrx_word' id='word_1_38' title='bbox 915 797 1035 864; x_wconf 89' lang='lat' dir='ltr'><strong>scilicet</strong></span> <span class='ocrx_word' id='word_1_39' title='bbox 1057 799 1262 888; x_wconf 88' lang='lat' dir='ltr'><strong>Babenberg,</strong></span> 
     </span>
     <span class='ocr_line' id='line_1_6' title="bbox 142 820 1263 967; baseline 0.004 -20"><span class='ocrx_word' id='word_1_40' title='bbox 142 885 177 947; x_wconf 90' lang='lat' dir='ltr'><strong>in</strong></span> <span class='ocrx_word' id='word_1_41' title='bbox 204 883 295 948; x_wconf 88' lang='lat' dir='ltr'><strong>cuius</strong></span> <span class='ocrx_word' id='word_1_42' title='bbox 321 881 486 967; x_wconf 89' lang='lat' dir='ltr'><strong>episcopio</strong></span> <span class='ocrx_word' id='word_1_43' title='bbox 512 880 564 945; x_wconf 91' lang='lat' dir='ltr'><strong>ille</strong></span> <span class='ocrx_word' id='word_1_44' title='bbox 586 820 705 946; x_wconf 70' lang='lat' dir='ltr'><strong>electus</strong></span> <span class='ocrx_word' id='word_1_45' title='bbox 727 892 783 964; x_wconf 90' lang='lat' dir='ltr'><strong>est,</strong></span> <span class='ocrx_word' id='word_1_46' title='bbox 808 882 820 944; x_wconf 93' lang='lat' dir='ltr'><strong>i</strong></span> <span class='ocrx_word' id='word_1_47' title='bbox 844 883 894 946; x_wconf 92' lang='lat' dir='ltr'><strong>nis</strong></span> <span class='ocrx_word' id='word_1_48' title='bbox 917 905 1049 948; x_wconf 91' lang='lat' dir='ltr'><strong>consum</strong></span> <span class='ocrx_word' id='word_1_49' title='bbox 1075 885 1117 949; x_wconf 89' lang='lat' dir='ltr'><strong>sit</strong></span> <span class='ocrx_word' id='word_1_50' title='bbox 1137 885 1170 948; x_wconf 92' lang='lat' dir='ltr'><strong>in</strong></span> <span class='ocrx_word' id='word_1_51' title='bbox 1192 886 1263 952; x_wconf 91' lang='lat' dir='ltr'><strong>sab·</strong></span> 
     </span>
     <span class='ocr_line' id='line_1_7' title="bbox 143 907 1358 1054; baseline 0.002 -22"><span class='ocrx_word' id='word_1_52' title='bbox 143 968 219 1032; x_wconf 90' lang='lat' dir='ltr'><strong>bato</strong></span> <span class='ocrx_word' id='word_1_53' title='bbox 242 976 354 1032; x_wconf 91' lang='lat' dir='ltr'><strong>sancto</strong></span> <span class='ocrx_word' id='word_1_54' title='bbox 376 987 505 1052; x_wconf 90' lang='lat' dir='ltr'><strong>pascae,</strong></span> <span class='ocrx_word' id='word_1_55' title='bbox 528 977 626 1050; x_wconf 88' lang='lat' dir='ltr'><strong>caput</strong></span> <span class='ocrx_word' id='word_1_56' title='bbox 646 975 754 1031; x_wconf 88' lang='lat' dir='ltr'><strong>autem</strong></span> <span class='ocrx_word' id='word_1_57' title='bbox 777 965 829 1030; x_wconf 79' lang='lat' dir='ltr'><strong>ea</strong></span> <span class='ocrx_word' id='word_1_58' title='bbox 853 967 902 1030; x_wconf 93' lang='lat' dir='ltr'><strong>iae</strong></span> <span class='ocrx_word' id='word_1_59' title='bbox 923 977 1021 1054; x_wconf 90' lang='lat' dir='ltr'><strong>atque</strong></span> <span class='ocrx_word' id='word_1_60' title='bbox 1043 907 1237 1034; x_wconf 67' lang='lat' dir='ltr'><strong>dornoniae</strong></span> <span class='ocrx_word' id='word_1_61' title='bbox 1251 982 1358 1041; x_wconf 59' lang='lat' dir='ltr'><strong>hipra</strong></span> 
     </span>
     <span class='ocr_line' id='line_1_8' title="bbox 142 1049 1363 1138; baseline 0.002 -22"><span class='ocrx_word' id='word_1_62' title='bbox 142 1051 344 1138; x_wconf 83' lang='lat' dir='ltr'><strong>Mogontiam</strong></span> <span class='ocrx_word' id='word_1_63' title='bbox 359 1049 504 1115; x_wconf 89' lang='lat' dir='ltr'><strong>similiter</strong></span> <span class='ocrx_word' id='word_1_64' title='bbox 517 1050 601 1135; x_wconf 91' lang='lat' dir='ltr'><strong>ignis</strong></span> <span class='ocrx_word' id='word_1_65' title='bbox 617 1051 817 1136; x_wconf 82' lang='lat' dir='ltr'><strong>consumpsit</strong></span> <span class='ocrx_word' id='word_1_66' title='bbox 830 1050 914 1115; x_wconf 91' lang='lat' dir='ltr'><strong>infra</strong></span> <span class='ocrx_word' id='word_1_67' title='bbox 927 1061 1132 1136; x_wconf 82' lang='lat' dir='ltr'><strong>pentecosten</strong></span> <span class='ocrx_word' id='word_1_68' title='bbox 1147 1053 1261 1119; x_wconf 90' lang='lat' dir='ltr'><strong>eodem</strong></span> <span class='ocrx_word' id='word_1_69' title='bbox 1270 1077 1363 1118; x_wconf 76' lang='lat' dir='ltr'><strong>mnas.</strong></span> 
     </span>
     <span class='ocr_line' id='line_1_9' title="bbox 143 1133 1423 1222; baseline 0.004 -22"><span class='ocrx_word' id='word_1_70' title='bbox 143 1157 238 1215; x_wconf 89' lang='lat' dir='ltr'><strong>anno,</strong></span> <span class='ocrx_word' id='word_1_71' title='bbox 255 1135 310 1222; x_wconf 87' lang='lat' dir='ltr'><strong>qui</strong></span> <span class='ocrx_word' id='word_1_72' title='bbox 324 1145 400 1199; x_wconf 90' lang='lat' dir='ltr'><strong>tunc</strong></span> <span class='ocrx_word' id='word_1_73' title='bbox 414 1144 483 1200; x_wconf 90' lang='lat' dir='ltr'><strong>erat</strong></span> <span class='ocrx_word' id='word_1_74' title='bbox 499 1135 606 1198; x_wconf 51' lang='grc' dir='ltr'><strong>10813ἰ</strong></span> <span class='ocrx_word' id='word_1_75' title='bbox 626 1135 855 1200; x_wconf 82' lang='lat' dir='ltr'><strong>incarnationis</strong></span> <span class='ocrx_word' id='word_1_76' title='bbox 871 1133 1062 1202; x_wconf 83' lang='lat' dir='ltr'><strong>dominicae.</strong></span> <span class='ocrx_word' id='word_1_77' title='bbox 1098 1138 1159 1202; x_wconf 84' lang='lat' dir='ltr'><strong>Udi</strong></span> <span class='ocrx_word' id='word_1_78' title='bbox 1173 1161 1261 1203; x_wconf 80' lang='lat' dir='ltr'><strong>acac</strong></span> <span class='ocrx_word' id='word_1_79' title='bbox 1272 1161 1364 1204; x_wconf 69' lang='lat' dir='ltr'><strong>asam.</strong></span> <span class='ocrx_word' id='word_1_80' title='bbox 1374 1160 1423 1214; x_wconf 75' lang='lat' dir='ltr'><strong>ss.</strong></span> 
     </span>
     <span class='ocr_line' id='line_1_10' title="bbox 146 1217 1261 1302; baseline -0.001 -17"><span class='ocrx_word' id='word_1_81' title='bbox 146 1229 200 1302; x_wconf 85' lang='lat' dir='ltr'><strong>cst,</strong></span> <span class='ocrx_word' id='word_1_82' title='bbox 216 1219 330 1300; x_wconf 83' lang='lat' dir='ltr'><strong>Israel,</strong></span> <span class='ocrx_word' id='word_1_83' title='bbox 351 1241 410 1284; x_wconf 83' lang='lat' dir='ltr'><strong>rcoc</strong></span> <span class='ocrx_word' id='word_1_84' title='bbox 432 1217 530 1284; x_wconf 76' lang='lat' dir='ltr'><strong>taus?</strong></span> <span class='ocrx_word' id='word_1_85' title='bbox 553 1217 632 1284; x_wconf 90' lang='lat' dir='ltr'><strong>dicit</strong></span> <span class='ocrx_word' id='word_1_86' title='bbox 645 1219 815 1302; x_wconf 91' lang='lat' dir='ltr'><strong>Dominus,</strong></span> <span class='ocrx_word' id='word_1_87' title='bbox 838 1227 867 1284; x_wconf 86' lang='lat' dir='ltr'><strong>ct</strong></span> <span class='ocrx_word' id='word_1_88' title='bbox 886 1221 943 1286; x_wconf 83' lang='lat' dir='ltr'><strong>cbc&#39;</strong></span> <span class='ocrx_word' id='word_1_89' title='bbox 956 1231 1031 1285; x_wconf 81' lang='lat' dir='ltr'><strong>sant</strong></span> <span class='ocrx_word' id='word_1_90' title='bbox 1045 1221 1172 1286; x_wconf 80' lang='lat' dir='ltr'><strong>iudices</strong></span> <span class='ocrx_word' id='word_1_91' title='bbox 1190 1221 1261 1286; x_wconf 76' lang='lat' dir='ltr'><strong>tui?</strong></span> 
     </span>
     <span class='ocr_line' id='line_1_11' title="bbox 147 1303 1392 1392; baseline 0.005 -24"><span class='ocrx_word' id='word_1_92' title='bbox 147 1328 230 1390; x_wconf 84' lang='lat' dir='ltr'><strong>qaae</strong></span> <span class='ocrx_word' id='word_1_93' title='bbox 262 1305 396 1368; x_wconf 81' lang='lat' dir='ltr'><strong>dicisti:</strong></span> <span class='ocrx_word' id='word_1_94' title='bbox 430 1303 487 1368; x_wconf 88' lang='lat' dir='ltr'><strong>Do</strong></span> <span class='ocrx_word' id='word_1_95' title='bbox 519 1304 603 1368; x_wconf 73' lang='lat' dir='ltr'><strong>milri</strong></span> <span class='ocrx_word' id='word_1_96' title='bbox 633 1326 741 1391; x_wconf 71' lang='lat' dir='ltr'><strong>regem</strong></span> <span class='ocrx_word' id='word_1_97' title='bbox 773 1313 802 1367; x_wconf 87' lang='lat' dir='ltr'><strong>et</strong></span> <span class='ocrx_word' id='word_1_98' title='bbox 818 1306 1002 1390; x_wconf 80' lang='lat' dir='ltr'><strong>principes.</strong></span> <span class='ocrx_word' id='word_1_99' title='bbox 1046 1305 1119 1390; x_wconf 82' lang='lat' dir='ltr'><strong>Ipsi</strong></span> <span class='ocrx_word' id='word_1_100' title='bbox 1140 1311 1261 1392; x_wconf 79' lang='lat' dir='ltr'><strong>quippe</strong></span> <span class='ocrx_word' id='word_1_101' title='bbox 1272 1329 1331 1372; x_wconf 68' lang='lat'><strong>0000</strong></span> <span class='ocrx_word' id='word_1_102' title='bbox 1341 1329 1392 1382; x_wconf 71' lang='lat' dir='ltr'><strong>aa.</strong></span> 
     </span>
     <span class='ocr_line' id='line_1_12' title="bbox 145 1391 1262 1475; baseline 0.004 -24"><span class='ocrx_word' id='word_1_103' title='bbox 145 1397 374 1475; x_wconf 69' lang='lat' dir='ltr'><strong>regnaverant,</strong></span> <span class='ocrx_word' id='word_1_104' title='bbox 408 1397 437 1452; x_wconf 88' lang='lat' dir='ltr'><strong>et</strong></span> <span class='ocrx_word' id='word_1_105' title='bbox 468 1411 535 1454; x_wconf 81' lang='lat' dir='ltr'><strong>nort</strong></span> <span class='ocrx_word' id='word_1_106' title='bbox 568 1410 609 1452; x_wconf 81' lang='lat' dir='ltr'><strong>eor</strong></span> <span class='ocrx_word' id='word_1_107' title='bbox 639 1411 688 1452; x_wconf 85' lang='lat' dir='ltr'><strong>mc</strong></span> <span class='ocrx_word' id='word_1_108' title='bbox 715 1391 890 1474; x_wconf 70' lang='lat' dir='ltr'><strong>principes</strong></span> <span class='ocrx_word' id='word_1_109' title='bbox 921 1391 1106 1472; x_wconf 76' lang='lat' dir='ltr'><strong>extiterant,</strong></span> <span class='ocrx_word' id='word_1_110' title='bbox 1136 1401 1165 1455; x_wconf 87' lang='lat' dir='ltr'><strong>ct</strong></span> <span class='ocrx_word' id='word_1_111' title='bbox 1195 1413 1262 1456; x_wconf 80' lang='lat' dir='ltr'><strong>aon</strong></span> 
     </span>
     <span class='ocr_line' id='line_1_13' title="bbox 143 1469 808 1560; baseline -0.006 -22"><span class='ocrx_word' id='word_1_112' title='bbox 143 1474 291 1560; x_wconf 68' lang='lat' dir='ltr'><strong>cognovi,</strong></span> <span class='ocrx_word' id='word_1_113' title='bbox 314 1469 574 1538; x_wconf 87' lang='lat' dir='ltr'><strong>dicitDominus</strong></span> <span class='ocrx_word' id='word_1_114' title='bbox 597 1475 808 1538; x_wconf 83' lang='lat' dir='ltr'><strong>exercituum.</strong></span> 
     </span>
    </p>

    <p class='ocr_par' dir='ltr' id='par_1_3' title="bbox 142 1555 1411 3414">
     <span class='ocr_line' id='line_1_14' title="bbox 230 1555 1263 1639; baseline 0.003 -20"><span class='ocrx_word' id='word_1_115' title='bbox 230 1556 279 1620; x_wconf 91' lang='grc'><strong>10.</strong></span> <span class='ocrx_word' id='word_1_116' title='bbox 323 1557 459 1622; x_wconf 88' lang='lat' dir='ltr'><strong>Peracta</strong></span> <span class='ocrx_word' id='word_1_117' title='bbox 479 1577 568 1639; x_wconf 93' lang='lat' dir='ltr'><strong>vero,</strong></span> <span class='ocrx_word' id='word_1_118' title='bbox 592 1559 676 1622; x_wconf 88' lang='lat' dir='ltr'><strong>sicut</strong></span> <span class='ocrx_word' id='word_1_119' title='bbox 697 1556 819 1621; x_wconf 90' lang='lat' dir='ltr'><strong>dictum</strong></span> <span class='ocrx_word' id='word_1_120' title='bbox 841 1565 899 1638; x_wconf 90' lang='lat' dir='ltr'><strong>est,</strong></span> <span class='ocrx_word' id='word_1_121' title='bbox 921 1556 1049 1622; x_wconf 89' lang='lat' dir='ltr'><strong>Rudolfi</strong></span> <span class='ocrx_word' id='word_1_122' title='bbox 1069 1579 1104 1622; x_wconf 90' lang='lat' dir='ltr'><strong>re</strong></span> <span class='ocrx_word' id='word_1_123' title='bbox 1130 1559 1155 1622; x_wconf 83' lang='lat' dir='ltr'><strong>‘s</strong></span> <span class='ocrx_word' id='word_1_124' title='bbox 1182 1555 1263 1623; x_wconf 91' lang='lat' dir='ltr'><strong>eleo-</strong></span> 
     </span>
     <span class='ocr_line' id='line_1_15' title="bbox 143 1640 1263 1728; baseline 0.001 -21"><span class='ocrx_word' id='word_1_125' title='bbox 143 1642 230 1707; x_wconf 86' lang='lat' dir='ltr'><strong>tione</strong></span> <span class='ocrx_word' id='word_1_126' title='bbox 251 1641 373 1726; x_wconf 89' lang='lat' dir='ltr'><strong>pariter</strong></span> <span class='ocrx_word' id='word_1_127' title='bbox 395 1650 427 1706; x_wconf 91' lang='lat' dir='ltr'><strong>et</strong></span> <span class='ocrx_word' id='word_1_128' title='bbox 448 1640 647 1706; x_wconf 90' lang='lat' dir='ltr'><strong>ordinatione</strong></span> <span class='ocrx_word' id='word_1_129' title='bbox 670 1663 727 1727; x_wconf 91' lang='lat' dir='ltr'><strong>per</strong></span> <span class='ocrx_word' id='word_1_130' title='bbox 747 1642 925 1727; x_wconf 90' lang='lat' dir='ltr'><strong>episcopos,</strong></span> <span class='ocrx_word' id='word_1_131' title='bbox 955 1641 996 1706; x_wconf 92' lang='lat' dir='ltr'><strong>de</strong></span> <span class='ocrx_word' id='word_1_132' title='bbox 1018 1641 1106 1728; x_wconf 88' lang='lat' dir='ltr'><strong>quali</strong></span> <span class='ocrx_word' id='word_1_133' title='bbox 1131 1652 1162 1708; x_wconf 88' lang='lat' dir='ltr'><strong>et</strong></span> <span class='ocrx_word' id='word_1_134' title='bbox 1184 1643 1263 1708; x_wconf 92' lang='lat' dir='ltr'><strong>dicit</strong></span> 
     </span>
     <span class='ocr_line' id='line_1_16' title="bbox 142 1724 1382 1813; baseline -0.002 -22"><span class='ocrx_word' id='word_1_135' title='bbox 142 1747 202 1813; x_wconf 93' lang='lat' dir='ltr'><strong>per</strong></span> <span class='ocrx_word' id='word_1_136' title='bbox 222 1725 415 1812; x_wconf 85' lang='lat' dir='ltr'><strong>prophetam</strong></span> <span class='ocrx_word' id='word_1_137' title='bbox 430 1724 605 1790; x_wconf 89' lang='lat' dir='ltr'><strong>Dominus:</strong></span> <span class='ocrx_word' id='word_1_138' title='bbox 628 1727 751 1790; x_wconf 82' lang='lat' dir='ltr'><strong>Manca</strong></span> <span class='ocrx_word' id='word_1_139' title='bbox 773 1735 898 1790; x_wconf 82' lang='lat' dir='ltr'><strong>cestrae</strong></span> <span class='ocrx_word' id='word_1_140' title='bbox 913 1725 1063 1810; x_wconf 80' lang='lat' dir='ltr'><strong>pollutae</strong></span> <span class='ocrx_word' id='word_1_141' title='bbox 1086 1735 1162 1791; x_wconf 80' lang='lat' dir='ltr'><strong>scat</strong></span> <span class='ocrx_word' id='word_1_142' title='bbox 1182 1746 1382 1799; x_wconf 57' lang='lat' dir='ltr'><strong>scamaros.</strong></span> 
     </span>
     <span class='ocr_line' id='line_1_17' title="bbox 143 1809 1262 1908; baseline 0 -33"><span class='ocrx_word' id='word_1_143' title='bbox 143 1813 244 1897; x_wconf 70' lang='lat' dir='ltr'><strong>gaiae</strong></span> <span class='ocrx_word' id='word_1_144' title='bbox 266 1820 295 1873; x_wconf 85' lang='lat' dir='ltr'><strong>ct</strong></span> <span class='ocrx_word' id='word_1_145' title='bbox 317 1811 417 1896; x_wconf 71' lang='lat' dir='ltr'><strong>cipis</strong></span> <span class='ocrx_word' id='word_1_146' title='bbox 437 1811 538 1874; x_wconf 81' lang='lat' dir='ltr'><strong>nestri</strong></span> <span class='ocrx_word' id='word_1_147' title='bbox 558 1812 747 1896; x_wconf 79' lang='lat' dir='ltr'><strong>inquinati:</strong></span> <span class='ocrx_word' id='word_1_148' title='bbox 782 1821 921 1908; x_wconf 85' lang='lat' dir='ltr'><strong>peracta,</strong></span> <span class='ocrx_word' id='word_1_149' title='bbox 943 1810 1085 1895; x_wconf 91' lang='lat' dir='ltr'><strong>inquam,</strong></span> <span class='ocrx_word' id='word_1_150' title='bbox 1106 1809 1262 1875; x_wconf 89' lang='lat' dir='ltr'><strong>electione</strong></span> 
     </span>
     <span class='ocr_line' id='line_1_18' title="bbox 143 1892 1263 1979; baseline -0.001 -20"><span class='ocrx_word' id='word_1_151' title='bbox 143 1893 240 1959; x_wconf 90' lang='lat' dir='ltr'><strong>simul</strong></span> <span class='ocrx_word' id='word_1_152' title='bbox 269 1903 301 1958; x_wconf 91' lang='lat' dir='ltr'><strong>et</strong></span> <span class='ocrx_word' id='word_1_153' title='bbox 333 1894 510 1979; x_wconf 89' lang='lat' dir='ltr'><strong>sanguinea</strong></span> <span class='ocrx_word' id='word_1_154' title='bbox 541 1892 627 1958; x_wconf 90' lang='lat' dir='ltr'><strong>illius</strong></span> <span class='ocrx_word' id='word_1_155' title='bbox 659 1893 868 1976; x_wconf 83' lang='lat' dir='ltr'><strong>ordinatrone,</strong></span> <span class='ocrx_word' id='word_1_156' title='bbox 903 1893 1020 1979; x_wconf 90' lang='lat' dir='ltr'><strong>quibus</strong></span> <span class='ocrx_word' id='word_1_157' title='bbox 1052 1894 1263 1960; x_wconf 80' lang='lat' dir='ltr'><strong>interfuerant</strong></span> 
     </span>
     <span class='ocr_line' id='line_1_19' title="bbox 143 1976 1262 2077; baseline 0 -35"><span class='ocrx_word' id='word_1_158' title='bbox 143 1977 242 2064; x_wconf 88' lang='lat' dir='ltr'><strong>legati</strong></span> <span class='ocrx_word' id='word_1_159' title='bbox 264 2000 327 2064; x_wconf 91' lang='lat' dir='ltr'><strong>quo</strong></span> <span class='ocrx_word' id='word_1_160' title='bbox 352 2001 392 2043; x_wconf 91' lang='lat' dir='ltr'><strong>ue</strong></span> <span class='ocrx_word' id='word_1_161' title='bbox 413 1976 627 2042; x_wconf 88' lang='lat' dir='ltr'><strong>Hildebrandi</strong></span> <span class='ocrx_word' id='word_1_162' title='bbox 655 1999 769 2077; x_wconf 88' lang='lat' dir='ltr'><strong>papae,</strong></span> <span class='ocrx_word' id='word_1_163' title='bbox 797 1999 862 2041; x_wconf 91' lang='lat' dir='ltr'><strong>non</strong></span> <span class='ocrx_word' id='word_1_164' title='bbox 890 1976 989 2042; x_wconf 90' lang='lat' dir='ltr'><strong>multo</strong></span> <span class='ocrx_word' id='word_1_165' title='bbox 1016 1987 1090 2064; x_wconf 86' lang='lat' dir='ltr'><strong>post</strong></span> <span class='ocrx_word' id='word_1_166' title='bbox 1111 2001 1262 2043; x_wconf 89' lang='lat' dir='ltr'><strong>reversus</strong></span> 
     </span>
     <span class='ocr_line' id='line_1_20' title="bbox 144 2061 1339 2149; baseline -0.003 -21"><span class='ocrx_word' id='word_1_167' title='bbox 144 2075 192 2128; x_wconf 90' lang='lat' dir='ltr'><strong>est</strong></span> <span class='ocrx_word' id='word_1_168' title='bbox 219 2063 340 2127; x_wconf 89' lang='lat' dir='ltr'><strong>Henric</strong></span> <span class='ocrx_word' id='word_1_169' title='bbox 364 2085 402 2126; x_wconf 90' lang='lat' dir='ltr'><strong>us</strong></span> <span class='ocrx_word' id='word_1_170' title='bbox 430 2085 490 2127; x_wconf 87' lang='lat' dir='ltr'><strong>rex</strong></span> <span class='ocrx_word' id='word_1_171' title='bbox 518 2061 558 2127; x_wconf 93' lang='lat' dir='ltr'><strong>de</strong></span> <span class='ocrx_word' id='word_1_172' title='bbox 587 2062 733 2149; x_wconf 85' lang='lat' dir='ltr'><strong>partrbus</strong></span> <span class='ocrx_word' id='word_1_173' title='bbox 759 2061 881 2140; x_wconf 89' lang='lat' dir='ltr'><strong>Italiae,</strong></span> <span class='ocrx_word' id='word_1_174' title='bbox 911 2083 974 2148; x_wconf 90' lang='lat' dir='ltr'><strong>quo</strong></span> <span class='ocrx_word' id='word_1_175' title='bbox 1004 2072 1192 2147; x_wconf 87' lang='lat' dir='ltr'><strong>perrexerat</strong></span> <span class='ocrx_word' id='word_1_176' title='bbox 1219 2061 1339 2127; x_wconf 72' lang='lat' dir='ltr'><strong>adroso.</strong></span> 
     </span>
     <span class='ocr_line' id='line_1_21' title="bbox 144 2145 1262 2233; baseline -0.001 -20"><span class='ocrx_word' id='word_1_177' title='bbox 144 2148 397 2213; x_wconf 86' lang='lat' dir='ltr'><strong>satisfactionem</strong></span> <span class='ocrx_word' id='word_1_178' title='bbox 418 2145 469 2211; x_wconf 90' lang='lat' dir='ltr'><strong>vel</strong></span> <span class='ocrx_word' id='word_1_179' title='bbox 491 2146 534 2211; x_wconf 88' lang='lat' dir='ltr'><strong>ad</strong></span> <span class='ocrx_word' id='word_1_180' title='bbox 555 2145 801 2233; x_wconf 90' lang='lat' dir='ltr'><strong>supplicandum</strong></span> <span class='ocrx_word' id='word_1_181' title='bbox 824 2145 928 2211; x_wconf 91' lang='lat' dir='ltr'><strong>eidem</strong></span> <span class='ocrx_word' id='word_1_182' title='bbox 950 2147 1095 2212; x_wconf 87' lang='lat' dir='ltr'><strong>Romano</strong></span> <span class='ocrx_word' id='word_1_183' title='bbox 1117 2146 1262 2233; x_wconf 90' lang='lat' dir='ltr'><strong>pontifici</strong></span> 
     </span>
     <span class='ocr_line' id='line_1_22' title="bbox 144 2229 1263 2318; baseline 0.001 -23"><span class='ocrx_word' id='word_1_184' title='bbox 144 2252 203 2318; x_wconf 90' lang='lat' dir='ltr'><strong>pro</strong></span> <span class='ocrx_word' id='word_1_185' title='bbox 230 2253 311 2318; x_wconf 88' lang='lat' dir='ltr'><strong>pace</strong></span> <span class='ocrx_word' id='word_1_186' title='bbox 340 2229 391 2296; x_wconf 91' lang='lat' dir='ltr'><strong>vel</strong></span> <span class='ocrx_word' id='word_1_187' title='bbox 417 2230 572 2296; x_wconf 88' lang='lat' dir='ltr'><strong>ecelesiae</strong></span> <span class='ocrx_word' id='word_1_188' title='bbox 601 2230 652 2295; x_wconf 90' lang='lat' dir='ltr'><strong>vel</strong></span> <span class='ocrx_word' id='word_1_189' title='bbox 677 2231 725 2296; x_wconf 91' lang='lat' dir='ltr'><strong>rei</strong></span> <span class='ocrx_word' id='word_1_190' title='bbox 745 2230 904 2316; x_wconf 88' lang='lat' dir='ltr'><strong>publicae.</strong></span> <span class='ocrx_word' id='word_1_191' title='bbox 947 2230 987 2294; x_wconf 93' lang='lat' dir='ltr'><strong>In</strong></span> <span class='ocrx_word' id='word_1_192' title='bbox 1009 2231 1101 2295; x_wconf 92' lang='lat' dir='ltr'><strong>cuius</strong></span> <span class='ocrx_word' id='word_1_193' title='bbox 1122 2231 1263 2296; x_wconf 91' lang='lat' dir='ltr'><strong>adventu</strong></span> 
     </span>
     <span class='ocr_line' id='line_1_23' title="bbox 144 2315 1262 2402; baseline -0.001 -22"><span class='ocrx_word' id='word_1_194' title='bbox 144 2321 178 2380; x_wconf 90' lang='lat' dir='ltr'><strong>in</strong></span> <span class='ocrx_word' id='word_1_195' title='bbox 201 2315 409 2382; x_wconf 81' lang='lat' dir='ltr'><strong>Germaniam</strong></span> <span class='ocrx_word' id='word_1_196' title='bbox 430 2315 566 2402; x_wconf 91' lang='lat' dir='ltr'><strong>dispersi</strong></span> <span class='ocrx_word' id='word_1_197' title='bbox 588 2324 662 2381; x_wconf 88' lang='lat' dir='ltr'><strong>sunt</strong></span> <span class='ocrx_word' id='word_1_198' title='bbox 682 2316 805 2379; x_wconf 89' lang='lat' dir='ltr'><strong>inimici</strong></span> <span class='ocrx_word' id='word_1_199' title='bbox 827 2315 895 2380; x_wconf 91' lang='lat' dir='ltr'><strong>eius</strong></span> <span class='ocrx_word' id='word_1_200' title='bbox 919 2324 950 2378; x_wconf 90' lang='lat' dir='ltr'><strong>et</strong></span> <span class='ocrx_word' id='word_1_201' title='bbox 971 2315 1124 2399; x_wconf 88' lang='lat' dir='ltr'><strong>fugerunt</strong></span> <span class='ocrx_word' id='word_1_202' title='bbox 1144 2337 1163 2380; x_wconf 88' lang='lat' dir='ltr'><strong>a</strong></span> <span class='ocrx_word' id='word_1_203' title='bbox 1180 2316 1262 2379; x_wconf 91' lang='lat' dir='ltr'><strong>facie</strong></span> 
     </span>
     <span class='ocr_line' id='line_1_24' title="bbox 143 2398 1262 2546; baseline -0.001 -81"><span class='ocrx_word' id='word_1_204' title='bbox 143 2402 223 2482; x_wconf 90' lang='lat' dir='ltr'><strong>eius,</strong></span> <span class='ocrx_word' id='word_1_205' title='bbox 256 2399 466 2546; x_wconf 77' lang='lat' dir='ltr'><strong>abieruntque</strong></span> <span class='ocrx_word' id='word_1_206' title='bbox 498 2400 630 2486; x_wconf 88' lang='lat' dir='ltr'><strong>quidam</strong></span> <span class='ocrx_word' id='word_1_207' title='bbox 661 2401 701 2464; x_wconf 90' lang='lat' dir='ltr'><strong>de</strong></span> <span class='ocrx_word' id='word_1_208' title='bbox 728 2400 838 2485; x_wconf 91' lang='lat' dir='ltr'><strong>episco</strong></span> <span class='ocrx_word' id='word_1_209' title='bbox 863 2399 890 2462; x_wconf 89' lang='lat' dir='ltr'><strong>is</strong></span> <span class='ocrx_word' id='word_1_210' title='bbox 922 2399 955 2462; x_wconf 91' lang='lat' dir='ltr'><strong>in</strong></span> <span class='ocrx_word' id='word_1_211' title='bbox 983 2398 1158 2464; x_wconf 86' lang='lat' dir='ltr'><strong>Saxoniam</strong></span> <span class='ocrx_word' id='word_1_212' title='bbox 1188 2422 1262 2464; x_wconf 90' lang='lat' dir='ltr'><strong>cum</strong></span> 
     </span>
     <span class='ocr_line' id='line_1_25' title="bbox 143 2483 1262 2569; baseline 0 -21"><span class='ocrx_word' id='word_1_213' title='bbox 143 2507 221 2569; x_wconf 89' lang='lat' dir='ltr'><strong>rege</strong></span> <span class='ocrx_word' id='word_1_214' title='bbox 250 2505 307 2548; x_wconf 90' lang='lat' dir='ltr'><strong>suo</strong></span> <span class='ocrx_word' id='word_1_215' title='bbox 328 2483 421 2548; x_wconf 86' lang='lat' dir='ltr'><strong>Rudo</strong></span> <span class='ocrx_word' id='word_1_216' title='bbox 434 2483 476 2565; x_wconf 92' lang='lat' dir='ltr'><strong>fo,</strong></span> <span class='ocrx_word' id='word_1_217' title='bbox 506 2483 638 2569; x_wconf 90' lang='lat' dir='ltr'><strong>quidam</strong></span> <span class='ocrx_word' id='word_1_218' title='bbox 669 2493 775 2548; x_wconf 91' lang='lat' dir='ltr'><strong>autem</strong></span> <span class='ocrx_word' id='word_1_219' title='bbox 804 2505 824 2547; x_wconf 92' lang='lat' dir='ltr'><strong>a</strong></span> <span class='ocrx_word' id='word_1_220' title='bbox 874 2493 1026 2548; x_wconf 87' lang='lat' dir='ltr'><strong>montana</strong></span> <span class='ocrx_word' id='word_1_221' title='bbox 1058 2493 1090 2549; x_wconf 92' lang='lat' dir='ltr'><strong>et</strong></span> <span class='ocrx_word' id='word_1_222' title='bbox 1118 2485 1262 2549; x_wconf 87' lang='lat' dir='ltr'><strong>civitates</strong></span> 
     </span>
     <span class='ocr_line' id='line_1_26' title="bbox 145 2567 1263 2653; baseline 0.003 -22"><span class='ocrx_word' id='word_1_223' title='bbox 145 2568 294 2650; x_wconf 85' lang='lat' dir='ltr'><strong>munitas,</strong></span> <span class='ocrx_word' id='word_1_224' title='bbox 316 2568 442 2633; x_wconf 88' lang='lat' dir='ltr'><strong>dicente</strong></span> <span class='ocrx_word' id='word_1_225' title='bbox 464 2567 619 2653; x_wconf 90' lang='lat' dir='ltr'><strong>apostolo,</strong></span> <span class='ocrx_word' id='word_1_226' title='bbox 646 2569 737 2653; x_wconf 88' lang='lat' dir='ltr'><strong>quia:</strong></span> <span class='ocrx_word' id='word_1_227' title='bbox 766 2568 940 2650; x_wconf 79' lang='lat' dir='ltr'><strong>Principes</strong></span> <span class='ocrx_word' id='word_1_228' title='bbox 967 2591 1035 2633; x_wconf 81' lang='lat' dir='ltr'><strong>aon</strong></span> <span class='ocrx_word' id='word_1_229' title='bbox 1056 2579 1132 2632; x_wconf 81' lang='lat' dir='ltr'><strong>scat</strong></span> <span class='ocrx_word' id='word_1_230' title='bbox 1153 2569 1263 2634; x_wconf 82' lang='lat' dir='ltr'><strong>timori</strong></span> 
     </span>
     <span class='ocr_line' id='line_1_27' title="bbox 145 2651 1411 2738; baseline 0.001 -21"><span class='ocrx_word' id='word_1_231' title='bbox 145 2654 225 2717; x_wconf 80' lang='lat' dir='ltr'><strong>boni</strong></span> <span class='ocrx_word' id='word_1_232' title='bbox 246 2655 365 2738; x_wconf 83' lang='lat' dir='ltr'><strong>operia,</strong></span> <span class='ocrx_word' id='word_1_233' title='bbox 387 2653 444 2717; x_wconf 84' lang='lat' dir='ltr'><strong>sed</strong></span> <span class='ocrx_word' id='word_1_234' title='bbox 464 2652 554 2716; x_wconf 70' lang='lat' dir='ltr'><strong>mali</strong></span> <span class='ocrx_word' id='word_1_235' title='bbox 599 2651 741 2717; x_wconf 90' lang='lat' dir='ltr'><strong>Recolite</strong></span> <span class='ocrx_word' id='word_1_236' title='bbox 762 2673 850 2716; x_wconf 92' lang='lat' dir='ltr'><strong>nunc</strong></span> <span class='ocrx_word' id='word_1_237' title='bbox 872 2651 1098 2717; x_wconf 86' lang='lat' dir='ltr'><strong>Montanorum</strong></span> <span class='ocrx_word' id='word_1_238' title='bbox 1129 2660 1411 2736; x_wconf 72' lang='lat' dir='ltr'><strong>sectam,1rom.1r‚c</strong></span> 
     </span>
     <span class='ocr_line' id='line_1_28' title="bbox 143 2735 1261 2822; baseline 0.001 -22"><span class='ocrx_word' id='word_1_239' title='bbox 143 2736 349 2801; x_wconf 89' lang='lat' dir='ltr'><strong>immodicam</strong></span> <span class='ocrx_word' id='word_1_240' title='bbox 370 2735 447 2801; x_wconf 91' lang='lat' dir='ltr'><strong>fidei</strong></span> <span class='ocrx_word' id='word_1_241' title='bbox 468 2744 500 2800; x_wconf 92' lang='lat' dir='ltr'><strong>et</strong></span> <span class='ocrx_word' id='word_1_242' title='bbox 513 2736 687 2822; x_wconf 88' lang='lat' dir='ltr'><strong>patientiae</strong></span> <span class='ocrx_word' id='word_1_243' title='bbox 709 2735 957 2812; x_wconf 87' lang='lat' dir='ltr'><strong>observantiam,</strong></span> <span class='ocrx_word' id='word_1_244' title='bbox 979 2737 1064 2821; x_wconf 90' lang='lat' dir='ltr'><strong>quia,</strong></span> <span class='ocrx_word' id='word_1_245' title='bbox 1088 2757 1162 2801; x_wconf 89' lang='lat' dir='ltr'><strong>cum</strong></span> <span class='ocrx_word' id='word_1_246' title='bbox 1183 2745 1261 2801; x_wconf 91' lang='lat' dir='ltr'><strong>tem·</strong></span> 
     </span>
     <span class='ocr_line' id='line_1_29' title="bbox 143 2819 1262 2968; baseline 0.001 -83"><span class='ocrx_word' id='word_1_247' title='bbox 143 2843 223 2920; x_wconf 90' lang='lat' dir='ltr'><strong>pore</strong></span> <span class='ocrx_word' id='word_1_248' title='bbox 237 2821 469 2907; x_wconf 85' lang='lat' dir='ltr'><strong>persecutionis</strong></span> <span class='ocrx_word' id='word_1_249' title='bbox 484 2819 642 2906; x_wconf 87' lang='lat' dir='ltr'><strong>fugissent</strong></span> <span class='ocrx_word' id='word_1_250' title='bbox 664 2820 796 2968; x_wconf 58' lang='lat' dir='ltr'><strong>qduidam</strong></span> <span class='ocrx_word' id='word_1_251' title='bbox 817 2821 851 2883; x_wconf 93' lang='lat' dir='ltr'><strong>in</strong></span> <span class='ocrx_word' id='word_1_252' title='bbox 868 2829 1020 2884; x_wconf 86' lang='lat' dir='ltr'><strong>montana</strong></span> <span class='ocrx_word' id='word_1_253' title='bbox 1042 2829 1074 2885; x_wconf 90' lang='lat' dir='ltr'><strong>et</strong></span> <span class='ocrx_word' id='word_1_254' title='bbox 1094 2820 1262 2886; x_wconf 89' lang='lat' dir='ltr'><strong>latuissent</strong></span> 
     </span>
     <span class='ocr_line' id='line_1_30' title="bbox 143 2902 1262 2991; baseline 0.001 -22"><span class='ocrx_word' id='word_1_255' title='bbox 143 2927 177 2969; x_wconf 89' lang='lat' dir='ltr'><strong>m</strong></span> <span class='ocrx_word' id='word_1_256' title='bbox 198 2905 373 2986; x_wconf 90' lang='lat' dir='ltr'><strong>montibus,</strong></span> <span class='ocrx_word' id='word_1_257' title='bbox 396 2904 491 2969; x_wconf 89' lang='lat' dir='ltr'><strong>divisi</strong></span> <span class='ocrx_word' id='word_1_258' title='bbox 512 2927 570 2991; x_wconf 93' lang='lat' dir='ltr'><strong>per</strong></span> <span class='ocrx_word' id='word_1_259' title='bbox 592 2905 653 2968; x_wconf 91' lang='lat' dir='ltr'><strong>boc</strong></span> <span class='ocrx_word' id='word_1_260' title='bbox 697 2926 715 2968; x_wconf 95' lang='lat' dir='ltr'><strong>e</strong></span> <span class='ocrx_word' id='word_1_261' title='bbox 737 2925 871 2990; x_wconf 90' lang='lat' dir='ltr'><strong>corpore</strong></span> <span class='ocrx_word' id='word_1_262' title='bbox 893 2902 1056 2986; x_wconf 91' lang='lat' dir='ltr'><strong>ecclesiae,</strong></span> <span class='ocrx_word' id='word_1_263' title='bbox 1088 2903 1165 2969; x_wconf 90' lang='lat' dir='ltr'><strong>dicti</strong></span> <span class='ocrx_word' id='word_1_264' title='bbox 1186 2914 1262 2970; x_wconf 90' lang='lat' dir='ltr'><strong>sunt</strong></span> 
     </span>
     <span class='ocr_line' id='line_1_31' title="bbox 142 2987 1260 3075; baseline -0.002 -21"><span class='ocrx_word' id='word_1_265' title='bbox 142 2991 287 3054; x_wconf 90' lang='lat' dir='ltr'><strong>montani</strong></span> <span class='ocrx_word' id='word_1_266' title='bbox 309 2988 450 3072; x_wconf 91' lang='lat' dir='ltr'><strong>heretici,</strong></span> <span class='ocrx_word' id='word_1_267' title='bbox 473 2990 558 3055; x_wconf 90' lang='lat' dir='ltr'><strong>sicut</strong></span> <span class='ocrx_word' id='word_1_268' title='bbox 579 2989 614 3052; x_wconf 93' lang='lat' dir='ltr'><strong>in</strong></span> <span class='ocrx_word' id='word_1_269' title='bbox 630 2989 660 3054; x_wconf 88' lang='lat'><strong>8.</strong></span> <span class='ocrx_word' id='word_1_270' title='bbox 674 2987 757 3053; x_wconf 88' lang='lat' dir='ltr'><strong>libro</strong></span> <span class='ocrx_word' id='word_1_271' title='bbox 780 2987 1046 3075; x_wconf 88' lang='lat' dir='ltr'><strong>etymologiarum</strong></span> <span class='ocrx_word' id='word_1_272' title='bbox 1068 2988 1181 3052; x_wconf 90' lang='lat' dir='ltr'><strong>scribit</strong></span> <span class='ocrx_word' id='word_1_273' title='bbox 1201 2987 1260 3052; x_wconf 92' lang='lat' dir='ltr'><strong>Isi·</strong></span> 
     </span>
     <span class='ocr_line' id='line_1_32' title="bbox 143 3071 1260 3159; baseline -0.003 -20"><span class='ocrx_word' id='word_1_274' title='bbox 143 3075 242 3139; x_wconf 89' lang='lat' dir='ltr'><strong>dorus</strong></span> <span class='ocrx_word' id='word_1_275' title='bbox 270 3075 470 3159; x_wconf 80' lang='lat' dir='ltr'><strong>episcopus².</strong></span> <span class='ocrx_word' id='word_1_276' title='bbox 515 3072 581 3139; x_wconf 85' lang='lat' dir='ltr'><strong>Sed</strong></span> <span class='ocrx_word' id='word_1_277' title='bbox 601 3071 795 3140; x_wconf 89' lang='lat' dir='ltr'><strong>Hildebrant</strong></span> <span class='ocrx_word' id='word_1_278' title='bbox 824 3083 856 3140; x_wconf 92' lang='lat' dir='ltr'><strong>et</strong></span> <span class='ocrx_word' id='word_1_279' title='bbox 882 3094 959 3137; x_wconf 87' lang='lat' dir='ltr'><strong>suae</strong></span> <span class='ocrx_word' id='word_1_280' title='bbox 981 3073 1082 3158; x_wconf 89' lang='lat' dir='ltr'><strong>partis</strong></span> <span class='ocrx_word' id='word_1_281' title='bbox 1104 3073 1260 3159; x_wconf 83' lang='lat' dir='ltr'><strong>episcopi,</strong></span> 
     </span>
     <span class='ocr_line' id='line_1_33' title="bbox 144 3155 1260 3245; baseline -0.001 -22"><span class='ocrx_word' id='word_1_282' title='bbox 144 3160 263 3245; x_wconf 89' lang='lat' dir='ltr'><strong>quibus</strong></span> <span class='ocrx_word' id='word_1_283' title='bbox 291 3179 311 3220; x_wconf 91' lang='lat' dir='ltr'><strong>a</strong></span> <span class='ocrx_word' id='word_1_284' title='bbox 337 3180 412 3242; x_wconf 90' lang='lat' dir='ltr'><strong>rege</strong></span> <span class='ocrx_word' id='word_1_285' title='bbox 440 3156 603 3224; x_wconf 89' lang='lat' dir='ltr'><strong>Henricho</strong></span> <span class='ocrx_word' id='word_1_286' title='bbox 632 3179 728 3244; x_wconf 90' lang='lat' dir='ltr'><strong>saepe</strong></span> <span class='ocrx_word' id='word_1_287' title='bbox 754 3179 822 3244; x_wconf 87' lang='lat' dir='ltr'><strong>pax</strong></span> <span class='ocrx_word' id='word_1_288' title='bbox 847 3155 955 3222; x_wconf 92' lang='lat' dir='ltr'><strong>oblata</strong></span> <span class='ocrx_word' id='word_1_289' title='bbox 987 3166 1037 3221; x_wconf 91' lang='lat' dir='ltr'><strong>est</strong></span> <span class='ocrx_word' id='word_1_290' title='bbox 1064 3165 1095 3223; x_wconf 89' lang='lat' dir='ltr'><strong>et</strong></span> <span class='ocrx_word' id='word_1_291' title='bbox 1128 3158 1260 3222; x_wconf 90' lang='lat' dir='ltr'><strong>minime</strong></span> 
     </span>
     <span class='ocr_line' id='line_1_34' title="bbox 143 3240 1260 3329; baseline -0.003 -22"><span class='ocrx_word' id='word_1_292' title='bbox 143 3252 283 3328; x_wconf 90' lang='lat' dir='ltr'><strong>recepta,</strong></span> <span class='ocrx_word' id='word_1_293' title='bbox 307 3241 483 3309; x_wconf 87' lang='lat' dir='ltr'><strong>diviserunt</strong></span> <span class='ocrx_word' id='word_1_294' title='bbox 504 3265 538 3309; x_wconf 93' lang='lat' dir='ltr'><strong>se</strong></span> <span class='ocrx_word' id='word_1_295' title='bbox 554 3251 668 3329; x_wconf 91' lang='lat' dir='ltr'><strong>sponte</strong></span> <span class='ocrx_word' id='word_1_296' title='bbox 691 3263 749 3306; x_wconf 88' lang='lat' dir='ltr'><strong>sua</strong></span> <span class='ocrx_word' id='word_1_297' title='bbox 771 3243 812 3308; x_wconf 88' lang='lat' dir='ltr'><strong>ab</strong></span> <span class='ocrx_word' id='word_1_298' title='bbox 827 3243 949 3306; x_wconf 88' lang='lat' dir='ltr'><strong>unitate</strong></span> <span class='ocrx_word' id='word_1_299' title='bbox 971 3240 1146 3306; x_wconf 89' lang='lat' dir='ltr'><strong>catholicae</strong></span> <span class='ocrx_word' id='word_1_300' title='bbox 1161 3240 1260 3306; x_wconf 89' lang='lat' dir='ltr'><strong>eccle·</strong></span> 
     </span>
     <span class='ocr_line' id='line_1_35' title="bbox 144 3324 1261 3414; baseline 0 -24"><span class='ocrx_word' id='word_1_301' title='bbox 144 3329 220 3407; x_wconf 85' lang='lat' dir='ltr'><strong>siae,</strong></span> <span class='ocrx_word' id='word_1_302' title='bbox 241 3327 466 3414; x_wconf 88' lang='lat' dir='ltr'><strong>fugientesque</strong></span> <span class='ocrx_word' id='word_1_303' title='bbox 488 3328 521 3390; x_wconf 90' lang='lat' dir='ltr'><strong>in</strong></span> <span class='ocrx_word' id='word_1_304' title='bbox 543 3327 735 3392; x_wconf 89' lang='lat' dir='ltr'><strong>munitiones</strong></span> <span class='ocrx_word' id='word_1_305' title='bbox 757 3337 854 3412; x_wconf 88' lang='lat' dir='ltr'><strong>atque</strong></span> <span class='ocrx_word' id='word_1_306' title='bbox 876 3335 1037 3406; x_wconf 87' lang='lat' dir='ltr'><strong>montana,</strong></span> <span class='ocrx_word' id='word_1_307' title='bbox 1063 3324 1261 3412; x_wconf 89' lang='lat' dir='ltr'><strong>reliquerunt</strong></span> 
     </span>
    </p>
   </div>
   <div class='ocr_carea' id='block_1_3' title="bbox 142 3400 1262 3642">
    <p class='ocr_par' dir='ltr' id='par_1_4' title="bbox 142 3400 1262 3642">
     <span class='ocr_line' id='line_1_36' title="bbox 143 3400 1259 3496; baseline -0.001 -21"><span class='ocrx_word' id='word_1_308' title='bbox 143 3410 295 3476; x_wconf 89' lang='lat' dir='ltr'><strong>ecclesias</strong></span> <span class='ocrx_word' id='word_1_309' title='bbox 322 3431 396 3475; x_wconf 89' lang='lat' dir='ltr'><strong>suas</strong></span> <span class='ocrx_word' id='word_1_310' title='bbox 424 3400 548 3496; x_wconf 82' lang='lat' dir='ltr'><strong>absque</strong></span> <span class='ocrx_word' id='word_1_311' title='bbox 575 3409 774 3496; x_wconf 89' lang='lat' dir='ltr'><strong>speculatore</strong></span> <span class='ocrx_word' id='word_1_312' title='bbox 803 3419 834 3475; x_wconf 91' lang='lat' dir='ltr'><strong>et</strong></span> <span class='ocrx_word' id='word_1_313' title='bbox 863 3431 939 3474; x_wconf 85' lang='lat' dir='ltr'><strong>oves</strong></span> <span class='ocrx_word' id='word_1_314' title='bbox 968 3409 1091 3494; x_wconf 88' lang='lat' dir='ltr'><strong>absque</strong></span> <span class='ocrx_word' id='word_1_315' title='bbox 1119 3419 1259 3494; x_wconf 86' lang='lat' dir='ltr'><strong>pastore,</strong></span> 
     </span>
     <span class='ocr_line' id='line_1_37' title="bbox 142 3493 1262 3642; baseline -0.002 -82"><span class='ocrx_word' id='word_1_316' title='bbox 142 3493 297 3579; x_wconf 87' lang='lat' dir='ltr'><strong>eligentes</strong></span> <span class='ocrx_word' id='word_1_317' title='bbox 318 3495 425 3581; x_wconf 90' lang='lat' dir='ltr'><strong>potius</strong></span> <span class='ocrx_word' id='word_1_318' title='bbox 446 3494 560 3580; x_wconf 88' lang='lat' dir='ltr'><strong>fugere</strong></span> <span class='ocrx_word' id='word_1_319' title='bbox 580 3495 623 3559; x_wconf 89' lang='lat' dir='ltr'><strong>ad</strong></span> <span class='ocrx_word' id='word_1_320' title='bbox 645 3504 785 3560; x_wconf 90' lang='lat' dir='ltr'><strong>montem</strong></span> <span class='ocrx_word' id='word_1_321' title='bbox 808 3515 969 3578; x_wconf 91' lang='lat' dir='ltr'><strong>magnum,</strong></span> <span class='ocrx_word' id='word_1_322' title='bbox 991 3515 1087 3580; x_wconf 90' lang='lat' dir='ltr'><strong>quem</strong></span> <span class='ocrx_word' id='word_1_323' title='bbox 1103 3494 1262 3642; x_wconf 79' lang='lat' dir='ltr'><strong>promittit</strong></span> 
     </span>
    </p>
   </div>
   <div class='ocr_carea' id='block_1_4' title="bbox 141 3575 1398 4180">
    <p class='ocr_par' dir='ltr' id='par_1_5' title="bbox 141 3575 1398 4086">
     <span class='ocr_line' id='line_1_38' title="bbox 143 3575 1398 3666; baseline 0.004 -24"><span class='ocrx_word' id='word_1_324' title='bbox 143 3579 304 3644; x_wconf 90' lang='lat' dir='ltr'><strong>Dominus</strong></span> <span class='ocrx_word' id='word_1_325' title='bbox 333 3601 392 3666; x_wconf 90' lang='lat' dir='ltr'><strong>per</strong></span> <span class='ocrx_word' id='word_1_326' title='bbox 418 3578 612 3665; x_wconf 87' lang='lat' dir='ltr'><strong>prophetam</strong></span> <span class='ocrx_word' id='word_1_327' title='bbox 632 3579 821 3644; x_wconf 91' lang='lat' dir='ltr'><strong>Zachariam</strong></span> <span class='ocrx_word' id='word_1_328' title='bbox 844 3598 952 3642; x_wconf 89' lang='lat' dir='ltr'><strong>coram</strong></span> <span class='ocrx_word' id='word_1_329' title='bbox 974 3577 1102 3643; x_wconf 85' lang='lat' dir='ltr'><strong>Zoroba</strong></span> <span class='ocrx_word' id='word_1_330' title='bbox 1125 3575 1155 3642; x_wconf 93' lang='lat' dir='ltr'><strong>el</strong></span> <span class='ocrx_word' id='word_1_331' title='bbox 1176 3576 1398 3656; x_wconf 65' lang='lat' dir='ltr'><strong>decoratas.</strong></span> 
     </span>
     <span class='ocr_line' id='line_1_39' title="bbox 142 3660 1258 3749; baseline -0.001 -22"><span class='ocrx_word' id='word_1_332' title='bbox 142 3662 259 3728; x_wconf 89' lang='lat' dir='ltr'><strong>Iudam</strong></span> <span class='ocrx_word' id='word_1_333' title='bbox 295 3665 330 3727; x_wconf 93' lang='lat' dir='ltr'><strong>in</strong></span> <span class='ocrx_word' id='word_1_334' title='bbox 364 3662 497 3749; x_wconf 91' lang='lat' dir='ltr'><strong>planum</strong></span> <span class='ocrx_word' id='word_1_335' title='bbox 532 3662 659 3744; x_wconf 90' lang='lat' dir='ltr'><strong>deduci,</strong></span> <span class='ocrx_word' id='word_1_336' title='bbox 719 3684 793 3726; x_wconf 86' lang='lat' dir='ltr'><strong>uam</strong></span> <span class='ocrx_word' id='word_1_337' title='bbox 830 3660 1003 3726; x_wconf 90' lang='lat' dir='ltr'><strong>ascendere</strong></span> <span class='ocrx_word' id='word_1_338' title='bbox 1039 3660 1081 3725; x_wconf 89' lang='lat' dir='ltr'><strong>ad</strong></span> <span class='ocrx_word' id='word_1_339' title='bbox 1116 3671 1258 3728; x_wconf 92' lang='lat' dir='ltr'><strong>montem</strong></span> 
     </span>
     <span class='ocr_line' id='line_1_40' title="bbox 142 3744 1368 3834; baseline 0 -22"><span class='ocrx_word' id='word_1_340' title='bbox 142 3747 286 3830; x_wconf 89' lang='lat' dir='ltr'><strong>Domini,</strong></span> <span class='ocrx_word' id='word_1_341' title='bbox 310 3748 429 3834; x_wconf 93' lang='lat' dir='ltr'><strong>dequo</strong></span> <span class='ocrx_word' id='word_1_342' title='bbox 444 3747 565 3812; x_wconf 89' lang='lat' dir='ltr'><strong>factum</strong></span> <span class='ocrx_word' id='word_1_343' title='bbox 587 3747 691 3812; x_wconf 90' lang='lat' dir='ltr'><strong>estad</strong></span> <span class='ocrx_word' id='word_1_344' title='bbox 748 3747 867 3810; x_wconf 89' lang='lat' dir='ltr'><strong>esaiam</strong></span> <span class='ocrx_word' id='word_1_345' title='bbox 890 3744 1024 3811; x_wconf 90' lang='lat' dir='ltr'><strong>verbum</strong></span> <span class='ocrx_word' id='word_1_346' title='bbox 1047 3745 1195 3810; x_wconf 87' lang='lat' dir='ltr'><strong>Domini:</strong></span> <span class='ocrx_word' id='word_1_347' title='bbox 1216 3748 1368 3824; x_wconf 58' lang='lat' dir='ltr'><strong>Etnara.</strong></span> 
     </span>
     <span class='ocr_line' id='line_1_41' title="bbox 143 3831 1259 3934; baseline 0 -39"><span class='ocrx_word' id='word_1_348' title='bbox 143 3835 215 3913; x_wconf 84' lang='lat' dir='ltr'><strong>erit,</strong></span> <span class='ocrx_word' id='word_1_349' title='bbox 234 3833 393 3934; x_wconf 88' lang='lat' dir='ltr'><strong>inquiens,</strong></span> <span class='ocrx_word' id='word_1_350' title='bbox 416 3836 453 3896; x_wconf 81' lang='lat' dir='ltr'><strong>ia</strong></span> <span class='ocrx_word' id='word_1_351' title='bbox 469 3832 657 3896; x_wconf 79' lang='lat' dir='ltr'><strong>novissimis</strong></span> <span class='ocrx_word' id='word_1_352' title='bbox 672 3831 785 3896; x_wconf 83' lang='lat' dir='ltr'><strong>diebos</strong></span> <span class='ocrx_word' id='word_1_353' title='bbox 795 3840 1024 3916; x_wconf 81' lang='lat' dir='ltr'><strong>praeparatas</strong></span> <span class='ocrx_word' id='word_1_354' title='bbox 1038 3853 1131 3896; x_wconf 80' lang='lat' dir='ltr'><strong>mons</strong></span> <span class='ocrx_word' id='word_1_355' title='bbox 1145 3832 1259 3895; x_wconf 83' lang='lat' dir='ltr'><strong>domas</strong></span> 
     </span>
     <span class='ocr_line' id='line_1_42' title="bbox 142 3914 1382 4001; baseline 0.001 -21"><span class='ocrx_word' id='word_1_356' title='bbox 142 3917 282 3982; x_wconf 78' lang='lat' dir='ltr'><strong>Domina</strong></span> <span class='ocrx_word' id='word_1_357' title='bbox 302 3919 340 3982; x_wconf 82' lang='lat' dir='ltr'><strong>ia</strong></span> <span class='ocrx_word' id='word_1_358' title='bbox 358 3918 474 3981; x_wconf 84' lang='lat' dir='ltr'><strong>vertice</strong></span> <span class='ocrx_word' id='word_1_359' title='bbox 488 3918 654 3996; x_wconf 78' lang='lat' dir='ltr'><strong>montium,</strong></span> <span class='ocrx_word' id='word_1_360' title='bbox 698 3914 786 3978; x_wconf 88' lang='lat' dir='ltr'><strong>uales</strong></span> <span class='ocrx_word' id='word_1_361' title='bbox 801 3915 992 4001; x_wconf 83' lang='lat' dir='ltr'><strong>‘suscipiunt</strong></span> <span class='ocrx_word' id='word_1_362' title='bbox 1006 3924 1130 3979; x_wconf 89' lang='lat' dir='ltr'><strong>montes</strong></span> <span class='ocrx_word' id='word_1_363' title='bbox 1145 3935 1382 3999; x_wconf 64' lang='lat' dir='ltr'><strong>peremerat.</strong></span> 
     </span>
     <span class='ocr_line' id='line_1_43' title="bbox 141 3998 1259 4086; baseline -0.003 -22"><span class='ocrx_word' id='word_1_364' title='bbox 141 3999 261 4086; x_wconf 89' lang='lat' dir='ltr'><strong>populo</strong></span> <span class='ocrx_word' id='word_1_365' title='bbox 288 4010 321 4065; x_wconf 90' lang='lat' dir='ltr'><strong>et</strong></span> <span class='ocrx_word' id='word_1_366' title='bbox 349 3998 444 4066; x_wconf 92' lang='lat' dir='ltr'><strong>colles</strong></span> <span class='ocrx_word' id='word_1_367' title='bbox 474 3999 647 4069; x_wconf 83' lang='lat' dir='ltr'><strong>iustitiam&#39;.</strong></span> <span class='ocrx_word' id='word_1_368' title='bbox 724 3999 757 4064; x_wconf 92' lang='lat' dir='ltr'><strong>bi</strong></span> <span class='ocrx_word' id='word_1_369' title='bbox 784 4001 869 4065; x_wconf 92' lang='lat' dir='ltr'><strong>enim</strong></span> <span class='ocrx_word' id='word_1_370' title='bbox 898 4019 973 4085; x_wconf 86' lang='lat' dir='ltr'><strong>pax,</strong></span> <span class='ocrx_word' id='word_1_371' title='bbox 1003 3999 1048 4063; x_wconf 93' lang='lat' dir='ltr'><strong>ibi</strong></span> <span class='ocrx_word' id='word_1_372' title='bbox 1075 4008 1107 4063; x_wconf 92' lang='lat' dir='ltr'><strong>et</strong></span> <span class='ocrx_word' id='word_1_373' title='bbox 1127 3998 1259 4080; x_wconf 91' lang='lat' dir='ltr'><strong>iustitia,</strong></span> 
     </span>
    </p>

    <p class='ocr_par' dir='ltr' id='par_1_6' title="bbox 143 4127 290 4180">
     <span class='ocr_line' id='line_1_44' title="bbox 143 4127 290 4180; baseline 0 -12"><span class='ocrx_word' id='word_1_374' title='bbox 143 4127 251 4180; x_wconf 72' lang='lat' dir='ltr'><strong>a)1071.</strong></span> <span class='ocrx_word' id='word_1_375' title='bbox 269 4128 290 4168; x_wconf 89' lang='lat'><strong>1.</strong></span> 
     </span>
    </p>
   </div>
   <div class='ocr_carea' id='block_1_5' title="bbox 141 4203 1259 4438">
    <p class='ocr_par' dir='ltr' id='par_1_7' title="bbox 141 4203 1259 4438">
     <span class='ocr_line' id='line_1_45' title="bbox 143 4203 1259 4291; baseline -0.002 -18"><span class='ocrx_word' id='word_1_376' title='bbox 143 4225 170 4288; x_wconf 84' lang='lat'><strong>1)</strong></span> <span class='ocrx_word' id='word_1_377' title='bbox 194 4224 336 4289; x_wconf 84' lang='lat' dir='ltr'><strong>Moguntia</strong></span> <span class='ocrx_word' id='word_1_378' title='bbox 362 4230 441 4291; x_wconf 88' lang='lat' dir='ltr'><strong>caput</strong></span> <span class='ocrx_word' id='word_1_379' title='bbox 461 4222 567 4276; x_wconf 82' lang='lat' dir='ltr'><strong>Galliae</strong></span> <span class='ocrx_word' id='word_1_380' title='bbox 587 4228 614 4274; x_wconf 90' lang='lat' dir='ltr'><strong>et</strong></span> <span class='ocrx_word' id='word_1_381' title='bbox 633 4203 793 4274; x_wconf 82' lang='lat' dir='ltr'><strong>Germaniae</strong></span> <span class='ocrx_word' id='word_1_382' title='bbox 812 4221 972 4290; x_wconf 85' lang='lat' dir='ltr'><strong>appellatur,</strong></span> <span class='ocrx_word' id='word_1_383' title='bbox 998 4222 1061 4288; x_wconf 86' lang='lat' dir='ltr'><strong>quia</strong></span> <span class='ocrx_word' id='word_1_384' title='bbox 1079 4221 1158 4274; x_wconf 85' lang='lat' dir='ltr'><strong>sedes</strong></span> <span class='ocrx_word' id='word_1_385' title='bbox 1177 4221 1259 4273; x_wconf 90' lang='lat' dir='ltr'><strong>Boni·</strong></span> 
     </span>
     <span class='ocr_line' id='line_1_46' title="bbox 141 4293 1259 4364; baseline -0.001 -18"><span class='ocrx_word' id='word_1_386' title='bbox 141 4297 216 4362; x_wconf 79' lang='lat' dir='ltr'><strong>fecii,</strong></span> <span class='ocrx_word' id='word_1_387' title='bbox 244 4297 330 4363; x_wconf 81' lang='lat' dir='ltr'><strong>legati</strong></span> <span class='ocrx_word' id='word_1_388' title='bbox 357 4297 500 4363; x_wconf 85' lang='lat' dir='ltr'><strong>apostolici</strong></span> <span class='ocrx_word' id='word_1_389' title='bbox 526 4313 634 4350; x_wconf 89' lang='lat' dir='ltr'><strong>munere</strong></span> <span class='ocrx_word' id='word_1_390' title='bbox 658 4295 753 4362; x_wconf 85' lang='lat' dir='ltr'><strong>induti,</strong></span> <span class='ocrx_word' id='word_1_391' title='bbox 773 4302 838 4348; x_wconf 88' lang='lat' dir='ltr'><strong>eret.</strong></span> <span class='ocrx_word' id='word_1_392' title='bbox 942 4295 969 4361; x_wconf 75' lang='lat'><strong>2)</strong></span> <span class='ocrx_word' id='word_1_393' title='bbox 989 4295 1088 4348; x_wconf 85' lang='lat' dir='ltr'><strong>Isidori</strong></span> <span class='ocrx_word' id='word_1_394' title='bbox 1107 4297 1197 4364; x_wconf 85' lang='lat' dir='ltr'><strong>Opera</strong></span> <span class='ocrx_word' id='word_1_395' title='bbox 1216 4293 1259 4346; x_wconf 87' lang='lat' dir='ltr'><strong>ed.</strong></span> 
     </span>
     <span class='ocr_line' id='line_1_47' title="bbox 143 4370 953 4438; baseline 0.007 -18"><span class='ocrx_word' id='word_1_396' title='bbox 143 4370 259 4423; x_wconf 78' lang='lat' dir='ltr'><strong>Arevalo</strong></span> <span class='ocrx_word' id='word_1_397' title='bbox 279 4371 333 4437; x_wconf 95' lang='lat' dir='ltr'><strong>III,</strong></span> <span class='ocrx_word' id='word_1_398' title='bbox 352 4387 378 4438; x_wconf 92' lang='lat' dir='ltr'><strong>p.</strong></span> <span class='ocrx_word' id='word_1_399' title='bbox 399 4371 461 4423; x_wconf 77' lang='grc'>355.</span> <span class='ocrx_word' id='word_1_400' title='bbox 949 4381 953 4390; x_wconf 82' lang='grc'><em>’</em></span> 
     </span>
    </p>
   </div>
   <div class='ocr_carea' id='block_1_6' title="bbox 0 0 1562 4822">
    <p class='ocr_par' dir='ltr' id='par_1_8' title="bbox 0 0 1562 4822">
     <span class='ocr_line' id='line_1_48' title="bbox 0 0 1562 4822; baseline 0 0"><span class='ocrx_word' id='word_1_401' title='bbox 0 0 1562 4822; x_wconf 95' lang='lat' dir='ltr'><strong> </strong></span> 
     </span>
    </p>
   </div>
  </div>
 </body>
</html>
