3114 4814
271 369 323 418 100
452 369 503 418 DE
522 367 680 418 UNITATE
700 365 904 418 EOOLESIAE
925 366 1202 419 cONSERVANDA.

267 542 376 594 incursu
404 558 457 592 non
481 547 568 606 potest
596 541 700 592 animus
728 541 758 592 in
782 540 925 606 prostratis
946 540 1092 606 fratribus,
1125 548 1149 592 et
1175 559 1216 593 me
1239 541 1389 608 prostrauit

267 626 384 690 affectos.
423 607 467 672 Et
487 607 572 672 unde
592 607 750 673 eiusmodi
765 607 864 672 cladis
886 617 1061 694 tempestas
1082 609 1257 692 emerserit,
1280 610 1388 674 stetim

268 691 492 776 subiungendo
508 692 656 762 ostendit.
682 707 819 758 Habenda
834 714 921 758 tamen
937 714 983 772 est,
1002 693 1137 779 inquitl,
1153 709 1258 776 fratres
1273 709 1386 760 dilectis-

268 782 336 845 simi,
354 782 424 834 ratio
437 782 565 847 veritatis,
583 800 631 834 nec
643 781 682 833 sio
693 790 803 832 mentem
818 781 892 832 debet
911 788 935 832 ct
948 798 1054 834 sensum
1062 783 1254 848 persecutionis
1273 783 1387 848 infestae

268 855 406 908 tenebrosa
434 857 518 924 calipo
545 873 673 920 caecasse,
699 861 729 905 ut
751 854 820 906 nibil
842 855 999 906 remanserit
1023 857 1090 907 lucis
1116 875 1149 908 ac
1174 855 1290 920 luminis,
1314 857 1387 907 unde

267 929 362 981 divina
375 937 522 996 praecepta
535 929 655 995 perspici
668 928 781 995 possint.
810 925 842 978 Si
853 928 938 979 cladis
953 946 1037 981 causa
1049 929 1221 996 cvpnoscitur,
1241 937 1266 981 et
1283 929 1387 980 medela

267 1001 386 1054 vulneris
404 1002 547 1055 invenitur.
582 1002 713 1055 Dominus
729 1001 843 1067 probari
853 1001 994 1067 familiam
1012 1020 1089 1054 suam
1107 1002 1198 1066 voluit,
1219 1011 1242 1055 et
1260 1003 1386 1068 quoniam

266 1077 396 1128 traditam
407 1077 482 1128 nobis
495 1077 624 1128 divinitus
638 1075 807 1141 disciplinam
821 1091 881 1140 pau
894 1077 972 1142 lonpa
992 1083 1155 1142 corruperat,
1170 1077 1297 1128 iacentem
1302 1076 1386 1143 fldem

267 1158 292 1201 et
306 1167 393 1216 prope
411 1151 525 1202 diuerim
543 1149 713 1202 domnientem
732 1165 846 1200 censure
865 1148 983 1200 caelestis
1002 1149 1092 1214 erescit,
1113 1155 1241 1216 cumquc⁸
1259 1165 1307 1200 nos
1321 1165 1386 1215 pec·

268 1224 334 1274 catis
362 1225 459 1275 nostris
488 1224 603 1290 amplius
630 1223 796 1285 merbremur,
826 1221 1039 1273 elementissimus
1064 1222 1195 1274 Dominus
1223 1222 1261 1273 sic
1289 1230 1386 1273 cuncta

267 1297 419 1348 moderatus
444 1305 490 1360 est,
516 1305 545 1347 ut
568 1297 616 1347 boc
640 1313 715 1347 omne
739 1295 810 1361 quod
834 1301 935 1362 pestum
960 1301 997 1346 est
1022 1296 1169 1362 ceploratio
1190 1297 1283 1362 petius
1305 1312 1386 1361 quam

263 1369 412 1436 persecutio
441 1370 584 1421 videretur.
622 1368 771 1420 illudebant
800 1369 922 1434 stupendo
946 1370 1108 1433 patrimonio
1137 1369 1236 1435 simpuli
1264 1377 1287 1421 et
1312 1368 1387 1420 obliti

268 1445 334 1511 quid
359 1445 492 1518 credentes
513 1451 560 1492 aut
585 1442 634 1492 sub
654 1441 778 1507 apostolis
799 1447 859 1491 ante
870 1441 999 1506 fecissent
1018 1451 1066 1492 aut
1084 1460 1186 1508 semper
1196 1444 1292 1508 facere
1310 1443 1386 1494 debe-

267 1527 334 1583 rent,
359 1515 508 1568 insatiabili
532 1514 685 1581 aspiditatis
705 1515 802 1566 ardore
820 1513 983 1580 ampliandis
993 1516 1174 1580 facultatibus
1193 1516 1385 1568 incumbebant.

269 1590 332 1642 Non
359 1590 388 1640 in
411 1588 590 1642 sacerdotibus
614 1597 652 1640 est
675 1588 766 1655 relipio
792 1588 895 1651 devota,
920 1605 974 1639 non
997 1589 1026 1639 in
1044 1589 1172 1640 ministris
1184 1591 1254 1656 fides
1272 1589 1384 1656 intepra,

267 1681 322 1714 non
345 1662 375 1713 in
400 1663 523 1728 operibus
548 1661 739 1726 misericordia,
762 1679 816 1713 non
838 1661 868 1711 in
892 1661 1009 1712 moribus
1028 1661 1180 1729 disciplina,
1201 1671 1328 1728 corrupta
1347 1671 1386 1714 est

175 1749 177 1754 '
267 1737 297 1788 in
308 1736 374 1790 viris
388 1736 481 1800 barba,
499 1736 528 1787 in
540 1733 652 1800 feminis
663 1737 759 1800 forma
770 1736 878 1800 fucata,
899 1735 1044 1786 adulterati
1054 1745 1114 1801 post
1126 1735 1180 1788 Dei
1196 1753 1292 1787 manus
1305 1734 1384 1798 oculi,

268 1809 361 1876 capilli
388 1810 524 1861 mendacio
552 1809 670 1860 colorati.
714 1809 759 1860 Ad
785 1807 942 1873 decipienda
970 1809 1053 1859 corda
1081 1807 1239 1874 simplicium
1270 1809 1385 1860 callidae

259 1884 388 1950 fraudes,
408 1883 642 1934 circumveniendis
654 1883 790 1947 fratribus
809 1881 936 1932 subdolae
955 1883 1111 1947 voluntates,
1136 1901 1190 1934 non
1211 1883 1304 1934 iurare
1324 1893 1384 1934 tan·

268 1966 323 2009 tum
341 1964 443 2020 temere,
463 1957 509 2008 sed
529 1956 618 2007 adbuc
637 1956 715 2008 etiam
729 1956 860 2022 peierare,
876 1955 1042 2021 praepositos
1068 1957 1180 2022 superbo
1205 1963 1305 2008 tunsone
1323 1973 1384 2008 aon·

268 2037 388 2095 temnere,
411 2037 539 2083 venenata
564 2029 615 2080 sibi
639 2046 683 2082 ore
702 2029 866 2091 maledicere,
891 2027 959 2079 odiis
973 2029 1157 2094 pertinacibus
1176 2029 1286 2080 invicem
1305 2029 1383 2080 ticet

268 2115 340 2166 dere.
377 2112 511 2178 Episcopi,
533 2097 646 2182 inquii,
664 2111 786 2179 plurimi,
805 2127 870 2176 quos
889 2119 913 2162 et
925 2111 1087 2162 hortamento
1107 2129 1162 2163 esse
1181 2118 1280 2177 oportet
1293 2111 1383 2162 ceteris

268 2194 292 2238 et
311 2188 436 2252 exemplo,
455 2187 550 2238 diuina
563 2185 754 2252 procuratione
772 2192 928 2250 contempta,
942 2193 1132 2249 procuratores
1157 2202 1247 2236 rerum
1265 2185 1383 2236 saecula-

267 2259 338 2310 rium
357 2260 455 2326 clipunt
466 2259 539 2324 fieri,
558 2267 582 2311 ct
600 2257 726 2310 derelicta
745 2257 880 2320 catbcdra,
894 2257 972 2322 plebe
991 2258 1104 2321 deserta,
1125 2275 1177 2324 per
1202 2257 1303 2310 alienas
1317 2275 1382 2322 pro·

268 2332 369 2383 vincias
395 2332 554 2394 oberrantes,
577 2331 762 2401 nepotiationis
786 2325 982 2396 quaestuosaeb
1006 2331 1144 2382 nundinas
1164 2331 1306 2398 aucupari,
1324 2348 1383 2382 esu-

268 2404 396 2456 rientibus
423 2405 453 2455 in
480 2405 590 2456 ecetesia
608 2405 746 2471 fratribus
777 2403 872 2455 babere
902 2412 1039 2470 arpentum
1068 2404 1184 2471 turpiter,
1215 2406 1259 2458 vel
1277 2406 1383 2471 fundos

268 2477 404 2529 insidiosis
411 2478 562 2544 fraudibus
581 2495 684 2544 capere,
699 2476 788 2530 usuris
807 2475 1042 2544 multiplicantibus
1054 2480 1155 2544 foenus
1178 2495 1284 2545 cupere.
1314 2477 1385 2540 Qatt

268 2569 322 2603 non
336 2550 443 2618 perpeti
461 2552 526 2603 tales
540 2569 593 2617 pro
607 2551 725 2618 peccatis
743 2549 873 2604 eiusmodi
887 2568 1024 2615 meremur,
1044 2569 1103 2602 cum
1114 2551 1170 2602 iarn
1183 2552 1289 2618 pridem
1303 2569 1385 2618 prue-

269 2623 399 2677 monuerit
417 2642 448 2676 ac
467 2625 566 2677 dixerit
583 2642 697 2678 censura
715 2623 823 2678 divino:
847 2623 889 2674 ‘Si
907 2623 1094 2691 dereliquerint
1113 2626 1192 2701 lfpcm
1210 2642 1295 2676 meam
1314 2625 1385 2676 etin

268 2697 376 2751 iudici-is
400 2699 464 2752 meis
488 2715 543 2750 non
568 2697 769 2762 ambulaverint,
790 2698 813 2747 si
831 2697 1029 2764 iustificationes
1048 2698 1120 2749 meai
1136 2699 1342 2765 profanaverint
1361 2707 1385 2750 et

267 2781 409 2840 praecepta
423 2788 483 2824 mea
500 2789 554 2824 non
567 2771 771 2834 observaverint,
787 2771 898 2822 visitabo
917 2771 946 2822 in
964 2772 1041 2838 uirpc
1053 2771 1185 2837 facinora
1204 2789 1294 2824 eorum
1313 2781 1337 2823 et
1355 2772 1385 2823 in

261 2846 379 2914 stapellis
398 2845 496 2898 delicta
514 2843 619 2898 eorum'.
655 2845 853 2896 Praenuntiata
872 2853 933 2895 sunt
951 2845 1004 2894 ista
1022 2844 1096 2896 nobis
1116 2854 1140 2896 et
1160 2855 1220 2897 ante
1235 2845 1384 2910 praedicta,

268 2921 315 2972 sed
341 2936 389 2970 nos
415 2920 495 2970 datae
521 2919 585 2986 lepis
610 2925 634 2970 et
657 2916 846 2969 observationis
871 2917 1031 2968 immemores
1056 2919 1086 2970 id
1105 2919 1203 2985 opimus
1223 2935 1275 2984 per
1293 2925 1385 2970 nostra

263 2999 385 3060 peccata,
404 3001 442 3056 ut,
461 2992 526 3043 olum
544 2991 653 3042 Domini
671 2991 802 3042 mandata
820 2989 1015 3054 contemnimus,
1035 2992 1072 3042 ad
1091 2993 1278 3057 correptionem
1297 2991 1387 3044 delicti

268 3073 293 3118 et
313 3063 496 3131 probationem
512 3065 580 3130 fidei
604 3063 726 3116 remediis
749 3061 912 3114 saevioribus
936 3062 1092 3117 veniremus.
1132 3065 1187 3118 Nec
1213 3065 1305 3117 saltem
1326 3082 1384 3118 sero

268 3137 387 3192 conversi
406 3138 443 3189 ad
461 3137 571 3188 Domini
589 3137 705 3188 timorem
723 3153 824 3200 sumus,
840 3143 869 3188 ut
888 3137 957 3188 banc
973 3137 1161 3203 correptionem
1182 3145 1300 3190 nostrum
1319 3157 1384 3206 pro·

268 3219 451 3286 bationemque
474 3218 594 3271 divinam
611 3218 742 3284 patienter
764 3227 787 3270 et
797 3217 909 3284 fortiter
928 3217 1082 3271 subiremus.
1121 3207 1165 3270 Et
1185 3207 1219 3270 in
1239 3205 1322 3272 libro
1344 3205 1385 3270 de

268 3291 391 3354 unitate
406 3285 560 3353 eeclesiae
574 3285 660 3350 idem
677 3285 882 3372 Cyprianus²
898 3287 1085 3373 episeopus:
1114 3305 1252 3370 Uolscum,
1271 3291 1386 3377 inquit,

269 3380 349 3432 simul
369 3385 392 3432 et
416 3378 580 3430 dilectionem
598 3373 748 3444 mapisterio
770 3393 817 3428 suo
837 3376 956 3428 Obristus
976 3377 1073 3441 docuit,
1089 3379 1236 3445 propbetas
1255 3396 1342 3432 onmes
1361 3388 1386 3434 et

268 3463 348 3531 lepem
355 3461 505 3529 praeceptis
518 3460 631 3524 duobus,
646 3443 707 3507 Dei
718 3443 869 3508 videlicet
879 3443 1049 3510 dilectione
1060 3455 1092 3510 eb
1102 3447 1252 3532 proximi,
1267 3463 1384 3514 inclusit.

271 3535 358 3598 Quam
372 3553 433 3587 vero
449 3534 577 3585 unitatem
589 3541 685 3597 servat,
699 3551 779 3600 quam
791 3535 954 3586 dilectionem
967 3535 1080 3588 custodit
1093 3545 1141 3587 aut
1154 3536 1257 3604 ospitat,
1272 3537 1319 3602 qui
1331 3537 1385 3588 dis-

269 3609 375 3660 cordiae
393 3609 490 3674 surore
512 3623 627 3659 vesanus
653 3607 787 3658 ecclesiam
810 3608 914 3672 scindit,
932 3609 1015 3675 fidem
1035 3610 1155 3674 destruit,
1169 3627 1265 3676 pacem
1286 3611 1385 3674 turbat,

269 3681 406 3732 caritatem
421 3679 543 3746 dissipat,
562 3688 755 3732 sacramentum
764 3681 915 3746 profanati
934 3682 1038 3734 Malum
1051 3684 1107 3748 boc,
1115 3683 1267 3750 fidelissimi
1270 3684 1385 3748 fratres,

268 3754 322 3806 ium
344 3754 450 3820 pridem
474 3760 602 3820 coeperat,
626 3754 673 3805 sed
697 3771 769 3806 nunc
791 3755 870 3807 crevit
889 3753 1005 3808 eiusdem
1024 3757 1089 3808 mali
1107 3757 1205 3823 infesta
1224 3757 1321 3820 clades,
1341 3773 1386 3808 en-

269 3843 363 3894 urperc
389 3844 420 3878 ac
441 3827 568 3892 pululare
587 3829 652 3892 plus
678 3827 761 3893 coepit
785 3828 913 3881 hereticae
927 3829 1073 3895 prauitatis
1096 3839 1120 3882 et
1139 3830 1289 3882 scismatum
1308 3847 1386 3884 uene·

269 3909 337 3952 natu
351 3899 494 3968 pernicies.

174 2609 213 2650 rs.
224 2607 260 2660 ss,

160 2668 258 2709 s1-ss.

270 4075 293 4128 s)
310 4087 400 4127 cunque
416 4077 436 4118 1.
498 4073 522 4128 b)
537 4075 569 4115 ita
585 4075 702 4116 emendavit
717 4075 823 4128 Sebard.,·
839 4078 1010 4126 negotiationes
1025 4081 1163 4128 quaestuose
1181 4080 1200 4118 1.

174 4269 184 4311 '.
272 4235 300 4304 1)
321 4237 449 4306 Cypriani
467 4237 557 4306 Opera
575 4254 602 4306 p.
622 4237 685 4288 240.
761 4237 789 4304 2)
809 4238 879 4290 Ibid.
900 4255 925 4305 p.
947 4238 1008 4288 224.
