3114 4814
321 382 372 434 DE
390 379 550 434 umam
570 380 775 434 ucennsliu
796 379 1075 434 consueverim.
1224 378 1261 429 ur

133 564 271 620 emmam
294 563 408 618 eedeeiis
434 565 542 618 ultionis
567 573 670 618 cremae
684 565 848 632 praebeatur
867 564 1022 630 eaereplum.
1060 546 1152 612 Haec
1174 555 1261 612 cerie

134 634 251 700 scribit
271 643 364 718 pater
385 641 495 696 noster
517 631 696 719 Gregorius
722 644 834 698 contra
862 632 1138 718 praevaricatores
1160 633 1260 700 eccle·

136 719 285 784 siasticae
308 715 510 802 disciplinae,
533 739 617 804 quae
639 716 788 783 defensor
808 715 861 782 ille
881 717 1022 802 partium
1044 719 1094 781 sui
1110 717 1261 805 Gregorii

135 801 313 867 introducit
333 801 374 865 ad
398 800 626 866 destruendum
648 801 863 867 sacerdotium
884 801 1073 866 universalis
1095 801 1263 889 ecclesiae,

137 907 221 972 quae
242 886 461 950 communicat
481 883 550 950 sedi
571 885 776 972 apostolicae.
812 885 955 972 Ideoque
975 885 1173 986 interpositis
1192 889 1262 975 qui·

135 969 274 1036 busdam
296 970 436 1056 scriptis,
458 969 576 1118 puibus
592 981 727 1036 conatur
745 969 922 1050 ostendere,
944 967 1024 1034 nihil
1044 972 1107 1035 nisi
1128 971 1170 1036 ad
1185 995 1261 1038 com

136 1054 376 1120 demnationem
391 1074 458 1140 epu
495 1075 555 1119 nos
568 1054 676 1120 valere
692 1054 812 1122 Christi
834 1064 866 1120 et
880 1051 1035 1120 ecclesiae
1050 1067 1260 1141 sacramenta,

162 1161 223 1205 uae
252 1147 326 1202 sunt
352 1137 515 1226 baptisma
542 1148 575 1204 et
595 1139 735 1204 chrisma
756 1148 854 1227 atque
876 1139 1021 1224 corporis
1042 1149 1075 1204 et
1096 1142 1261 1226 sanguinis

136 1158 274 1288 ssomini
295 1223 457 1308 mysteria,
479 1222 655 1309 posthaec
676 1223 844 1310 subiungit
864 1221 971 1287 adhuc
998 1222 1038 1287 de
1060 1226 1261 1291 ordinatione

137 1308 357 1372 testimonium
385 1305 472 1372 beati
501 1307 709 1393 Augustini1,
738 1329 821 1396 quae
850 1307 970 1372 scilicet
999 1306 1158 1374 ordinatio
1180 1309 1262 1375 solet

137 1415 199 1479 per
229 1414 343 1456 manus
369 1391 610 1477 impositionem
639 1393 719 1458 fieri.
763 1405 929 1475 corporalia,
947 1391 1062 1478 inquit,
1084 1417 1260 1474 armamenta,

135 1497 208 1549 qaae
215 1489 328 1548 portant
341 1491 365 1534 et
375 1480 507 1534 celebrant
516 1481 595 1534 etiam
606 1483 736 1551 regregati
747 1483 780 1534 ab
792 1482 894 1534 unitate
904 1481 1022 1547 eorporis
1032 1479 1261 1547 Clerieti,sormmn

133 1563 250 1623 preeunt
270 1555 518 1622 estiterepietatie,
533 1556 619 1607 cirtae
635 1573 698 1609 aero
711 1555 821 1622 pietatis
835 1553 977 1606 inuisibilis
997 1563 1021 1606 et
1034 1553 1163 1621 spiritalis
1177 1555 1217 1606 ita
1230 1555 1260 1607 in

137 1629 176 1682 eis
190 1647 245 1682 non
253 1636 342 1696 potest
357 1645 421 1693 esse,
437 1630 659 1696 quemadmodum
677 1646 770 1682 sensus
784 1629 964 1696 nonsequitur
979 1628 1093 1680 bominis
1108 1628 1260 1692 membrum,

136 1704 247 1770 quando
274 1711 469 1768 amputatura
490 1720 606 1769 corpore.
646 1703 740 1771 Erqa²
759 1703 830 1769 quod
852 1700 882 1753 in
900 1702 1020 1754 omnibus
1038 1701 1160 1753 meruli-is
1179 1701 1261 1752 uerius

138 1777 257 1844 corporis
280 1777 334 1844 epit
353 1775 453 1840 anima,
477 1776 524 1828 bae
546 1777 602 1843 aqit
619 1775 738 1844 Spiritus
757 1784 865 1828 sanctus
884 1773 914 1826 im
939 1783 994 1826 tota
1013 1774 1128 1826 ecelesia.
1174 1775 1261 1826 Unum

136 1849 237 1918 quippe
250 1867 346 1916 eorpus
365 1858 390 1902 et
407 1867 478 1901 unue
491 1850 610 1916 spiritus,
629 1849 698 1901 sieut
716 1847 780 1902 dieit
800 1849 944 1914 apostolus.
971 1847 1083 1900 Praeter
1100 1849 1148 1900 baa
1164 1864 1260 1913 corpus
1269 1849 1392 1904 Reme*-

135 1929 222 1991 patest
234 1923 340 1990 quidem
352 1920 450 1990 aliquis
463 1923 559 1976 babere
572 1924 614 1974 uel
617 1923 687 1990 fidei
698 1924 740 1975 uel
751 1921 917 1988 baptismatis
922 1920 1052 1987 somnam,
1061 1921 1108 1972 sed
1116 1938 1170 1972 non
1184 1921 1262 1972 babet

135 1996 229 2064 uitam.
260 1995 323 2048 met
341 1994 410 2048 enim
427 1995 525 2064 spiritu
544 1995 677 2063 repeteris,
689 1996 801 2062 frustra
811 1994 885 2060 forie
904 1995 1045 2061 deforma
1063 1993 1198 2062 plurimis.
1229 1991 1262 2046 m·

135 2069 211 2136 quod
234 2069 377 2122 numbram
408 2069 438 2119 in
465 2069 581 2121 bumana
610 2087 719 2136 corpore
743 2067 920 2136 praeciditur,
949 2066 1080 2134 numquid
1105 2066 1261 2133 praerimari

138 2145 232 2196 anima
250 2141 389 2210 sequitur?
417 2139 462 2193 Sic
481 2142 556 2194 boma
571 2143 731 2194 christianus
749 2141 861 2194 uiritim
880 2159 987 2208 corpore
1001 2139 1106 2204 C'ltristi,
1125 2133 1261 2206 quousque

138 2223 282 2278 catholicus
306 2233 352 2288 eet,
373 2225 514 2292 praecisae
540 2231 627 2276 autem
646 2225 775 2277 hereticus
786 2226 881 2292 factus
900 2233 946 2276 eet.
986 2207 1051 2273 Sed
1072 2207 1126 2274 ille
1148 2206 1260 2272 adver·

137 2294 242 2358 sarius
264 2303 373 2356 noster
394 2294 516 2374 scribit,
543 2314 602 2356 nos
634 2295 797 2378 praecisos
828 2315 907 2374 esse,
941 2313 975 2356 se
1006 2315 1085 2356 vero
1118 2313 1267 2377 suosque·

137 2374 315 2464 participes
336 2377 551 2463 permansisse
572 2377 606 2440 in
622 2378 743 2442 unitate
758 2374 948 2441 universalis
964 2375 1128 2442 ecclesiae.
1164 2375 1262 2440 Absit

137 2471 247 2542 autem
269 2484 290 2526 a
310 2459 414 2542 nobis,
436 2471 472 2525 ut
493 2482 552 2524 nos
574 2464 753 2525 exissemus
774 2461 816 2526 ab
837 2461 927 2546 ipsis,
949 2459 1007 2526 sed
1027 2461 1091 2546 ipsi
1112 2461 1261 2526 exierunt

138 2569 159 2610 a
181 2545 307 2610 nobisr.
350 2544 443 2610 Sicut
469 2545 555 2608 enim
584 2545 696 2609 scribit
717 2555 848 2610 sanctus
870 2554 963 2630 pater
984 2545 1205 2630 Augustinus⁴
1226 2545 1261 2608 in

137 2628 222 2695 libro
245 2629 285 2694 (ie
307 2651 384 2694 vera
404 2628 574 2714 religione:
596 2641 688 2694 Posset
706 2643 866 2696 scismaticae
885 2661 950 2695 area
969 2643 1102 2696 dominica
1121 2659 1204 2710 usque
1223 2644 1261 2695 ad

138 2717 242 2787 tempus
261 2720 370 2773 ultionis
387 2720 578 2772 ventilationel
597 2719 667 2768 uelut
680 2717 778 2782 paleae
797 2715 934 2781 sustinere,
953 2715 1007 2768 nisi
1025 2723 1100 2768 senta
1119 2715 1260 2782 superbiae

137 2797 245 2855 atmtab
260 2803 364 2855 levitate
383 2803 519 2854 cessissent
537 2811 562 2854 et
580 2817 634 2853 sese
654 2817 672 2850 a
688 2797 763 2849 nobie
782 2799 851 2850 uitro
869 2805 1046 2866 separassent.
1074 2781 1156 2846 Nam
1172 2782 1260 2883 quod

140 2871 280 2958 praecisi
308 2872 372 2935 sint
398 2869 439 2936 de
466 2869 588 2934 unitate
618 2865 828 2932 ecclesiastici
849 2867 1002 2952 corporis,
1024 2876 1160 2931 testatur
1179 2887 1260 2953 ipse,

139 2957 198 3042 qui
224 2957 258 3019 in
284 2954 349 3019 fine
377 2951 532 3042 epistolae
561 2973 648 3033 suae,
675 2950 717 3016 ad
768 2973 842 3015 uem
870 2960 986 3016 cuncta
1006 2967 1089 3038 quae
1111 2951 1262 3016 dicuntur

137 3039 244 3104 solent
270 3039 391 3122 referri,
420 3038 595 3126 profitetur,
618 3057 653 3100 se
676 3036 726 3099 sui
781 3035 899 3122 regorii
928 3045 1053 3122 partem
1076 3035 1259 3100 defendere.

139 3124 236 3190 Unde
251 3124 387 3188 iterum⁸
401 3123 603 3209 Augustinus
624 3121 657 3184 in
671 3119 754 3186 libro
770 3119 810 3186 de
825 3143 903 3186 vera
923 3119 1091 3205 religione:
1114 3133 1169 3188 See
1186 3133 1260 3202 qaia,

140 3209 256 3296 inquil,
274 3223 303 3274 in
316 3223 367 3274 bac
380 3223 514 3276 dominice
526 3239 591 3274 area
598 3237 652 3288 pro
664 3221 799 3272 uoluntate
813 3220 923 3288 quisque
938 3221 981 3272 uel
987 3219 1071 3288 palea
1085 3219 1128 3270 ael
1136 3217 1262 3284 frumen·

141 3301 198 3351 tum
222 3306 268 3361 eet,
294 3305 348 3347 tam
372 3297 422 3350 diu
446 3295 590 3348 sustinetur
610 3302 749 3361 peccatum
774 3303 821 3344 aut
847 3311 921 3345 error
944 3293 1091 3354 cuiuslibet,
1111 3292 1194 3342 donee
1213 3297 1262 3340 aut

139 3382 322 3428 commutarem
339 3371 459 3424 inueniat
478 3379 525 3422 aut
538 3385 656 3436 prauam
675 3366 824 3435 opinionem
837 3364 974 3433 pertinaci
992 3365 1158 3417 animositate
1171 3363 1262 3433 dpsen-

141 3464 198 3514 dat.
237 3456 363 3509 meamea
376 3462 414 3506 eet
432 3461 520 3506 autem
538 3452 622 3516 nabis,
642 3437 719 3516 affl,
743 3448 891 3501 christiana
908 3446 1001 3516 religio
1021 3455 1045 3499 et
1064 3447 1121 3498 eius
1139 3443 1262 3497 eeclesiae

139 3531 350 3596 communicatio,
376 3544 445 3595 quae
470 3527 600 3578 catholiea
623 3534 661 3577 eet
684 3533 707 3576 et
731 3523 861 3576 catholiea
884 3521 1039 3573 nominatur
1062 3537 1116 3570 non
1140 3519 1225 3570 salum
1244 3533 1262 3568 a

138 3608 207 3673 suis,
223 3622 316 3659 aerum
334 3602 412 3656 etiam
432 3599 465 3652 ab
484 3600 604 3651 omnibus
621 3597 744 3662 inimicis,
763 3597 844 3648 uelint
862 3595 955 3647 nolint.
995 3593 1067 3644 Nam
1088 3593 1141 3658 ipsi
1159 3607 1264 3658 quaque

138 3680 250 3738 taedet
267 3685 291 3731 et
309 3679 461 3730 summatum
480 3673 582 3726 alumni
605 3673 713 3738 quanda
736 3687 791 3722 non
810 3687 869 3721 amn
887 3667 952 3732 ruis,
977 3667 1025 3719 sed
1049 3681 1109 3718 cum
1128 3663 1262 3718 extraneis

138 3761 296 3824 loquuntur,
320 3748 476 3803 catholicum
499 3745 570 3799 nibil
592 3746 670 3797 aliud
694 3761 775 3811 quam
793 3741 948 3795 catholicam
966 3749 1071 3792 vocant.
1112 3739 1174 3791 Non
1192 3737 1263 3790 enim

137 3837 253 3899 possunt
270 3824 389 3892 intelligi,
408 3823 463 3875 nisi
480 3822 528 3873 boe
547 3837 605 3871 eam
623 3817 729 3871 nomine
747 3817 908 3878 dmcmnant,
933 3832 984 3881 quo
1005 3814 1038 3865 ab
1058 3813 1182 3864 uniuerso
1201 3810 1263 3862 arbe

137 3918 322 3979 muncespatur.
361 3905 415 3960 set
435 3905 510 3970 apud
528 3919 579 3968 eas,
602 3886 708 3972 inquii
716 3899 739 3968 l,
754 3901 822 3952 salae
845 3891 1002 3965 quaerenda
1020 3905 1058 3948 est
1076 3912 1141 3948 uera
1158 3891 1260 3960 religio,

140 4039 166 4094 a)
182 4045 274 4088 tempus
289 4034 386 4075 ultimae
401 4024 563 4068 ventilationis
579 4022 635 4073 Aue.
694 4019 719 4074 b)
735 4021 767 4060 tta
784 4019 854 4070 earn
870 4019 940 4058 imma
958 4018 977 4058 t.

143 4139 171 4201 1)
191 4131 336 4199 Augustini
355 4128 446 4193 Opera
463 4124 497 4186 V,
516 4139 542 4189 p.
561 4119 624 4170 too.
700 4114 729 4181 i)
754 4113 796 4168 Oi.
815 4113 880 4164 ibid.
901 4129 927 4178 p.
950 4111 1030 4161 1091.
1051 4109 1132 4159 10⁹2.
1170 4107 1262 4172 Augu.

138 4211 205 4262 atini
218 4206 302 4259 verba
318 4201 398 4256 valde
418 4197 557 4250 contraxit.
614 4189 644 4258 3)
664 4189 706 4242 (li.
720 4187 847 4254 Cypriani
861 4187 951 4252 Opera
969 4201 995 4250 p.
1007 4183 1069 4234 220.
1121 4180 1151 4247 4)
1171 4181 1263 4245 Augu·

137 4279 402 4347 stiniOpera1,p.
424 4273 522 4325 7510.
606 4259 888 4334 subreptitie.
973 4255 1003 4325 6)
1022 4255 1092 4308 ibid.
1112 4273 1140 4323 p.
1161 4253 1212 4304 toi
1227 4254 1265 4306 D.

140 4359 170 4421 a)
189 4355 261 4407 mit.
280 4371 308 4420 p.
328 4350 379 4401 mr
394 4349 428 4400 u.
