3116 4822
354 415 404 466 DE
423 416 582 468 UNITATE
602 417 808 470 ECOLESIAE
828 417 1106 471 CONSERVANDA.
1254 421 1291 472 ab

170 587 244 639 debet
261 586 356 638 induci
374 590 511 656 causatio!
550 589 626 652 (laad
644 591 695 641 bac
714 590 895 642 obseruatione
913 591 1072 654 seruabitur,
1094 591 1119 642 si
1136 592 1206 646 nibil
1213 598 1291 660 pote-

170 667 241 731 stati,
267 669 315 721 teu
334 677 416 721 tutan
435 669 565 736 aequitati
582 671 717 726 tribuitur.
761 657 834 721 Hoc
854 657 1019 722 Fabianus
1047 681 1090 744 pa
1113 681 1133 722 a
1161 661 1291 746 scripsit

170 747 202 801 ct
223 735 341 818 docuit,
375 747 407 801 et
433 735 495 801 hoc
515 737 662 806 Romana
688 739 822 806 ecclesia
844 743 944 887 ¹puasi
970 741 1073 806 divini
1122 745 1183 808 etri
1211 764 1291 808 voce

169 819 330 884 firmatum
352 821 471 902 tenuit,
500 821 603 886 donec
621 823 675 888 ille
701 845 788 910 papa
809 823 852 888 H·
867 823 1004 891 debrant
1031 827 1139 892 omnia
1165 837 1289 892 contur-

168 903 286 984 bavit¹,
317 905 373 990 qui
394 906 518 988 regiam
539 914 741 992 potestatem,
765 928 864 993 quam
885 917 996 995 utpote
1017 931 1038 974 a
1058 911 1131 976 Deo
1161 931 1291 975 conces·

169 1008 237 1052 sam
259 987 404 1054 defendit
425 987 582 1054 catholica
603 990 746 1073 ecclesia,
768 989 905 1059 multum
951 1015 985 1060 cr
1007 1015 1135 1058 omnem
1157 993 1291 1059 modum

168 1071 381 1136 inhonoravit.
418 1072 540 1158 Regem
563 1075 658 1156 enim,
682 1096 777 1160 quem
798 1075 912 1140 honori
936 1077 1001 1140 cari
1016 1076 1181 1162 apostolus
1199 1100 1290 1162 prae·

170 1156 259 1241 cipit,
280 1157 349 1240 ipse
367 1155 407 1220 de
421 1159 563 1242 pessimo
578 1159 710 1222 crimine
733 1161 906 1240 accusavit,
929 1160 1015 1259 quod
1029 1183 1094 1226 nou
1131 1162 1289 1228 robavit¹.

170 1239 247 1324 Ipse
268 1241 364 1302 eham
386 1238 482 1304 huius
502 1243 719 1306 accusationis
740 1244 831 1308 testis
852 1245 968 1326 extitit,
990 1247 1066 1330 quia
1122 1245 1169 1310 ‘os
1190 1253 1289 1310 testes

169 1343 234 1386 non
255 1321 409 1406 adhibuit,
440 1325 512 1410 ipse
533 1327 630 1389 etiam
656 1325 757 1390 iudex
785 1327 901 1409 extitit,
936 1329 1011 1414 quia
1036 1351 1145 1414 regem
1173 1351 1208 1393 se
1236 1349 1291 1393 ex-

169 1408 423 1472 communicasse
444 1407 622 1494 perhibuit;
643 1410 705 1473 scri
729 1411 771 1474 sit
788 1411 896 1491 ctiam,
919 1412 1004 1476 sicut
1018 1434 1115 1499 supra
1128 1413 1192 1476 iam
1207 1411 1290 1476 dixi-

168 1511 251 1572 mus,
273 1491 360 1576 quod
382 1492 453 1576 ipse
473 1493 544 1578 regi
564 1493 660 1558 fuerit
681 1431 832 1558 odansue.
870 1493 935 1565 Sed
957 1497 1114 1561 eiusmodi
1132 1495 1186 1561 vel
1199 1517 1293 1560 uocu-

169 1583 290 1638 satores
318 1573 370 1639 vel
397 1583 494 1640 testes
522 1575 677 1640 catholica
705 1577 840 1643 ecclesia
875 1600 940 1644 non
973 1581 1105 1666 recipit,
1138 1580 1290 1666 quoniam

168 1657 344 1724 Anacletus
360 1679 447 1744 papa
461 1660 508 1724 sic
523 1662 653 1746 scripsit
667 1671 699 1724 et
713 1663 760 1724 sic
781 1661 926 1728 docuit³2
948 1678 1109 1742 Iuoffemut,
1130 1664 1164 1726 in
1188 1665 1292 1744 aiens,

170 1764 354 1808 accusatorum
369 1765 392 1808 et
412 1757 516 1810 testium
530 1759 638 1824 affectus
656 1759 826 1824 quaerendus
844 1769 890 1824 est,
910 1778 964 1811 non
976 1761 1123 1825 suspectus.
1186 1757 1199 1812 i
1217 1745 1289 1814 Oai-

168 1821 260 1888 1181118
280 1824 403 1908 papa⁴t
424 1835 492 1890 Nec⁵
507 1845 681 1904 accusatores,
703 1825 818 1911 inquit,
840 1859 889 1894 nec
901 1840 1104 1906 testessuspecti
1115 1843 1293 1910 recipiamur,

168 1930 251 1979 raeque
272 1912 377 1964 absente
396 1928 529 1994 conquam
548 1929 675 1964 accusare
694 1913 814 1978 valuerit,
835 1914 985 1981 quicunque
1002 1922 1142 1965 accusator
1154 1919 1292 1969 credatur.

169 1994 295 2047 Similiter
314 2003 399 2058 testes,
421 1989 474 2059 alt,
492 2010 545 2059 per
563 2011 746 2060 quamcunque
765 1997 925 2062 scripturam
944 1994 1118 2047 testimenium
1136 2003 1210 2050 stana
1225 2016 1290 2064 pra·

162 2062 287 2135 suuutb,
314 2068 362 2119 sed
375 2077 530 2134 praesentes
550 2083 582 2118 aa
607 2067 649 2117 bis
674 2084 744 2134 quae
769 2070 892 2121 videraut
911 2077 935 2122 et
957 2076 1088 2120 nouertmt
1114 2070 1291 2121 testimonium

168 2151 266 2201 auant.
305 2135 417 2218 igitur,
433 2136 515 2199 sicut
525 2133 687 2199 Damasus
703 2157 831 2222 quoque
845 2155 933 2222 papa
947 2131 1094 2200 scribit⁶t
1116 2149 1290 2204 Accusatores

169 2231 192 2274 et
210 2221 312 2276 iudices
330 2223 413 2276 iidem
430 2243 484 2277 nou
503 2223 597 2276 delent
616 2241 679 2288 esse,
698 2225 745 2276 secl
759 2242 811 2292 per
830 2242 857 2276 se
875 2223 985 2289 iudices,
999 2239 1053 2290 per
1072 2241 1098 2276 se
1113 2231 1289 2288 accusatores,

164 2312 216 2362 per
234 2313 262 2348 se
281 2303 364 2362 testes,
390 2315 443 2364 per
462 2314 489 2349 se
508 2297 634 2359 accusati,
660 2297 889 2364 unusquisquam
908 2315 956 2350 suo
975 2295 1162 2350 ordinabiliter
1187 2299 1288 2350 ordine.

167 2362 219 2428 De
242 2361 360 2448 quibus
382 2367 479 2430 etiam
500 2365 617 2449 inquit:
650 2377 776 2430 Omnibus
800 2397 864 2432 uera
882 2396 984 2445 semper
994 2379 1049 2445 fiat
1068 2380 1197 2444 aequitas,
1223 2397 1289 2446 qua-

57 2478 60 2483 ·
167 2454 238 2503 tinus
258 2453 435 2506 accusationis
454 2461 479 2506 et
497 2453 592 2504 iudicii
611 2470 643 2504 ac
664 2451 804 2503 testimonii
821 2453 966 2505 mercedem
978 2468 1032 2520 per
1049 2453 1187 2505 actitatam
1203 2459 1288 2520 petta-

167 2551 226 2585 rum
245 2537 370 2602 consequi
385 2538 502 2590 ualeant.
547 2520 629 2599 Quis
651 2527 759 2582 autem
780 2519 921 2583 iudicem
951 2518 1115 2601 iudicabit,
1146 2520 1203 2605 qui
1223 2519 1289 2583 Dei

166 2602 313 2667 minister
333 2613 390 2687 est,
411 2603 533 2668 vindex
554 2604 587 2665 in
609 2604 691 2666 iram
713 2603 742 2665 ei
765 2603 821 2687 qui
848 2601 968 2666 malum
990 2602 1068 2686 agit,
1098 2625 1193 2688 quem
1223 2624 1288 2667 non

166 2685 235 2749 sine
257 2707 356 2751 causa
374 2696 504 2772 portare
525 2685 669 2772 gladium
690 2684 868 2769 apostolus⁶
889 2684 992 2750 dicit?
1037 2685 1220 2768 Uerissimi,
1240 2688 1449 2760 intronata

166 2770 244 2854 quit,
267 2771 403 2836 subiecti
423 2781 516 2836 estote
538 2771 627 2836 omni
649 2770 813 2834 hnmanae
835 2779 1007 2832 creaturae
1016 2769 1286 2852 propterDeum,
1342 2768 1406 2809 ’¹⁷·

139 2877 141 2882 ¹
166 2855 232 2917 sive
254 2859 335 2940 rupi,
364 2858 461 2940 quasi
478 2853 701 2938 praecellenti,
734 2854 802 2916 siae
825 2852 971 2933 ducibus,
993 2861 1153 2937 tanquam
1176 2853 1217 2917 ab
1250 2877 1285 2918 eo

165 2939 276 3001 missis
306 2939 352 3002 ool
372 2940 553 3003 uindictam
574 2937 833 3022 malefactorum,
860 2936 1088 3000 laudemauro
1117 2937 1285 3019 bonorum,

186 3023 321 3084 uoniam
343 3024 390 3086 sic
412 3022 564 3086 uoluntas
578 3023 644 3088 Dei
665 3031 720 3102 est,
742 3029 779 3084 ut
796 3019 1010 3105 benefaciatis
1025 3029 1054 3083 et
1075 3019 1286 3086 obmutescere

155 3042 302 3188 faciatis
323 3107 579 3189 imprudentium
600 3107 767 3170 lominum
789 3106 1028 3190 ipnoruntiam,
1056 3103 1153 3189 quasi
1178 3105 1285 3188 liberi,

165 3196 194 3250 et
215 3210 281 3251 nott
304 3193 403 3273 quusi
423 3186 567 3252 uelamen
590 3190 742 3253 babentes
756 3188 904 3253 malitiae
918 3188 1106 3268 libertatem,
1128 3189 1184 3253 sed
1199 3191 1284 3263 sieut

163 3272 250 3334 servi
264 3271 339 3334 Dei.
382 3272 496 3337 Omnes
512 3273 733 3355 honorificate,
746 3269 997 3356 fraternitatem
1016 3269 1155 3356 dilipt‘te,
1175 3272 1283 3336 Deum

13 3419 17 3426 .
163 3355 276 3434 timete,
298 3377 405 3440 repent
427 3353 658 3436 honorificate!
700 3354 791 3418 Haec
836 3354 944 3418 uidem
970 3363 1121 3440 potestas,
1155 3377 1283 3440 quasa

113 3493 115 3496 .
163 3435 236 3500 Deo
259 3435 405 3502 ordinata
426 3449 483 3521 ast,
517 3450 560 3511 et,
576 3459 658 3522 quae
679 3439 808 3503 iubetur
852 3438 1041 3519 onorificari,
1070 3437 1126 3502 ubi
1153 3439 1282 3503 undem

163 3517 260 3584 debet
293 3521 450 3585 iudicari?
500 3523 616 3587 Utrum
644 3523 676 3584 in
705 3521 851 3604 eeclesia,
888 3544 930 3586 an
957 3523 992 3584 in
1021 3521 1135 3584 suria?
1184 3522 1221 3588 Si
1248 3524 1282 3586 in

163 3602 308 3686 ecclesia,
343 3606 478 3670 fortasse
507 3605 642 3670 ecclesia
668 3605 705 3669 fit
726 3605 825 3688 curia,
855 3627 937 3692 quae
967 3625 987 3667 a
1013 3625 1126 3669 cruore
1155 3604 1282 3690 dicitur,

160 3809 184 3864 a)
200 3813 255 3853 deest
271 3814 291 3855 1.
351 3810 375 3862 b)
391 3813 512 3862 perferant
527 3814 547 3851 1.
576 3813 652 3863 Ruspi
666 3814 731 3854 uerba
748 3813 839 3853 (butun.
900 3810 922 3863 c)
938 3813 1050 3862 apostolis
1068 3817 1088 3856 1.

160 3989 188 4052 1)
209 3987 251 4039 cf.
271 3989 394 4054 Gregorii
413 3991 491 4056 epist.
512 3988 627 4052 collect,
644 3989 714 4040 Juffe
734 4007 760 4056 p.
781 3989 844 4042 539.
931 3987 961 4054 2)
981 3989 1023 4040 Of.
1042 3991 1176 4042 Baunonia
1195 3991 1280 4043 Gesta

159 4067 186 4112 st
205 4062 269 4111 Vita
286 4061 410 4113 Hildebr.
431 4062 472 4113 ed.
494 4061 568 4113 Orth.
589 4061 697 4112 Gratius
716 4079 742 4128 p.
755 4063 799 4112 41.
865 4063 893 4126 3)
912 4061 1036 4128 Epistula
1054 4063 1179 4114 Ansclmi
1197 4064 1278 4114 tertia

157 4149 202 4200 ap.
222 4135 381 4186 Hinschium
400 4153 428 4202 p.
448 4135 493 4186 84.
579 4133 610 4199 4)
629 4133 753 4199 Epistula
772 4135 882 4185 Gallixti
900 4135 1021 4186 secunda
1040 4133 1075 4183 ad
1094 4152 1186 4187 omncs
1206 4135 1277 4187 Gall.

157 4207 262 4258 urbium
283 4209 366 4274 episc.
388 4224 411 4260 c.
428 4207 470 4270 17,
489 4207 636 4258 Hinschins
655 4223 680 4272 p.
694 4205 756 4257 141.
814 4205 844 4272 5)
864 4208 905 4258 Oi.
927 4209 1005 4273 epist.
1026 4206 1164 4258 Gebhardi
1178 4208 1278 4260 Sslisb.

158 4279 201 4332 ad.
221 4279 377 4346 Tongnagel
403 4299 429 4348 p.
450 4281 493 4332 20,
569 4278 598 4346 6)
618 4279 736 4329 Decreta
760 4281 871 4331 Damasi
895 4295 982 4348 papae
1009 4295 1033 4329 c.
1062 4279 1105 4347 16,
1130 4281 1278 4334 Hinschius
