3116 4822
358 377 408 426 DE
428 376 585 428 UNITATE
605 377 809 431 EOGLESIAE
830 380 1106 436 CONSERVANDA.
1255 383 1289 440 39

176 545 214 610 de
230 567 293 633 qus
307 545 393 610 dicte
408 553 483 610 sunt
503 544 658 645 gioriosa3
681 547 738 612 ubi
760 548 843 614 inter
864 548 927 613 alis
948 550 1096 636 plurima,
1120 563 1291 639 quaesunt

177 630 341 712 eiusmodi,
363 629 503 716 loquitur
525 640 599 696 lslat
632 646 768 708 Quamdiu
786 649 936 712 permixtae
961 658 1023 702 sunt
1047 652 1140 706 ambae
1162 651 1401 720 ciuitates,0f,c,1s,

176 721 272 772 utimur
296 727 321 773 et
345 739 393 772 nas
407 737 477 787 pace
497 720 651 788 Babylonis,
678 737 710 771 eac
730 737 784 786 qua
801 721 841 772 ita
855 739 907 787 per
918 723 1002 789 fldem
1016 727 1134 790 populus
1153 725 1207 778 Dei
1225 727 1287 780 libe·

173 801 256 857 ratur,
277 801 307 845 ut
326 795 401 860 apud
426 795 494 846 bano
516 794 621 846 interim
639 794 855 862 perepmnemur;
874 805 985 861 propter
1007 800 1078 864 quod
1102 805 1126 852 el
1151 802 1450 868 apostolus1.‘1¹tm.t,l.t.

172 867 310 919 admonuit
337 868 479 932 ecclesiam,
504 874 534 918 ut
559 874 647 919 oraret
665 885 718 933 pro
742 868 847 935 sepibus
871 869 930 921 mus
953 876 1031 935 alque
1049 873 1217 934 sublimibus,·
1236 875 1285 926 ad·

170 942 238 992 dens
266 948 289 992 et
317 942 418 1002 dicens,
448 949 478 994 ut
502 941 618 1007 quietam
646 948 669 992 et
694 941 866 1007 tranquillam
891 960 1002 1010 apamus
1025 945 1107 996 uitam
1132 963 1191 997 eum
1216 948 1287 999 amni

167 1014 267 1080 pietate
287 1022 310 1067 et
329 1015 445 1067 caritate.
482 1016 519 1066 nt
532 1015 664 1081 propbeta
682 1013 842 1079 Hieremias,
858 1033 917 1066 cum
930 1018 1032 1082 popu-lo
1050 1017 1105 1070 Dei
1122 1019 1204 1071 aeteri
1220 1011 1340 1086 pra-¹⁸¹·
1352 1012 1448 1062 ΜΒ·

168 1088 309 1140 nuntiaret
337 1089 514 1154 captiuitatem
540 1096 564 1140 et
588 1087 716 1140 diuinitus
739 1088 898 1154 imperaret,
930 1097 960 1140 ut
984 1091 1135 1144 obedienter
1164 1092 1234 1144 irent
1256 1093 1286 1145 in
1352 1072 1389 1112 Π·

172 1161 352 1227 Babyloniam
370 1162 427 1214 Deo
446 1179 494 1213 suo
514 1161 593 1214 etiam
616 1161 669 1213 ista
683 1161 819 1227 patientia
837 1163 986 1226 sanantes,
1010 1165 1112 1216 manmit
1131 1165 1236 1230 etipse,
1257 1173 1287 1218 ut

171 1250 297 1296 oraretur
315 1261 366 1311 pro
389 1245 446 1308 illa,
466 1244 564 1308 dicens,
590 1244 655 1310 quia
679 1244 716 1295 ‘in
735 1244 792 1296 eius
807 1261 876 1310 pace
896 1254 1007 1312 estpars
1026 1249 1129 1299 uestra’.
1167 1233 1286 1298 Beatus
1296 1256 1343 1298 ter.
1352 1256 1387 1308 ss,
1397 1257 1419 1300 t.

170 1321 280 1376 autem
300 1311 449 1398 populus,
472 1313 563 1376 cuius
585 1313 735 1376 dominus
756 1311 848 1376 Deus
870 1313 947 1396 eius,
977 1324 1009 1380 et
1029 1317 1127 1380 miser
1148 1316 1286 1402 populus
1296 1334 1334 1374 1²⁸·
1346 1334 1395 1385 1⁴³,
1406 1332 1433 1376 ¹⁶

168 1393 213 1459 sb
240 1398 302 1461 isto
324 1397 396 1462 Dec
424 1394 590 1479 alienatus,
618 1395 721 1483 qualis
750 1397 847 1461 etiam
873 1419 939 1462 non
961 1407 1010 1464 est
1031 1398 1157 1482 dignus,
1178 1411 1215 1466 ut
1235 1401 1288 1468 vel
1328 1393 1392 1437 ’ἢ

169 1489 313 1546 terrenae
342 1481 396 1547 vel
418 1479 562 1546 caelestis
584 1478 798 1567 reipublicae
821 1481 862 1546 sit
883 1481 1033 1568 populus.
1069 1483 1134 1549 Res
1155 1484 1287 1571 publica

167 1566 255 1630 enim
269 1564 397 1648 dicitnr,
419 1564 506 1652 quod
521 1565 564 1630 sit
582 1587 633 1630 res
648 1563 771 1664 populi,
793 1565 876 1631 siout
897 1565 1010 1632 scribit
1029 1576 1157 1633 sanctus
1173 1571 1286 1656 Augu·

166 1649 271 1714 stinus
293 1650 421 1736 inipso
444 1651 493 1714 19.
515 1648 598 1714 libro
620 1649 660 1715 de
682 1650 810 1716 civitate
832 1649 934 1734 Dei¹;
957 1650 1014 1716 sed
1035 1673 1078 1737 pc
1102 1651 1193 1718 ulum
1215 1677 1286 1721 esse

164 1733 278 1800 definit
300 1745 426 1800 coetum
448 1733 660 1800 multitudinis
681 1735 761 1798 iuris
783 1755 941 1800 consensu
961 1734 1013 1802 vel
1034 1674 1179 1803 utiiitatis
1201 1759 1286 1804 com·

166 1820 319 1886 munione
341 1820 508 1884 sociatum.
552 1817 640 1899 Quid
660 1827 768 1884 autem
790 1817 878 1884 dicat
898 1821 977 1885 iuris
999 1841 1200 1905 consensum,
1222 1823 1286 1888 dis·

165 1903 309 1989 putando
339 1902 491 1989 explicat,
520 1925 578 1989 per
603 1903 664 1967 hoc
687 1903 868 1984 ostendens,
896 1905 967 1990 geri
987 1905 1055 1970 sine
1076 1905 1199 1971 iustitia
1219 1928 1285 1972 non

166 2009 260 2074 posse
281 2010 350 2053 rem
372 1985 547 2074 publicam.
597 2003 645 2055 Uti·
664 2021 733 2070 erpo,
752 1987 865 2073 inquit,
886 2003 990 2055 taetitia
1011 2021 1077 2055 vera
1099 2021 1153 2056 noa
1172 2011 1218 2070 at,
1236 2023 1284 2059 neo

166 2078 209 2130 ius
223 2085 310 2144 potest
329 2095 400 2141 esse,·
419 2078 490 2144 quod
509 2077 578 2129 enim
595 2077 654 2129 iure
666 2077 708 2144 fil,
724 2078 844 2145 prosecta
863 2076 931 2129 iuste
943 2077 986 2144 fit,
1005 2077 1077 2143 quod
1095 2084 1183 2130 aulem
1188 2080 1223 2146 fit
1242 2079 1283 2131 in·

163 2152 241 2217 iuste,
266 2169 314 2203 nec
337 2153 396 2204 iare
412 2151 477 2218 fleri
496 2158 598 2216 potest,·
622 2169 676 2202 noa
700 2151 770 2203 enim
793 2151 857 2202 iura
879 2151 994 2203 dicenda
1018 2157 1081 2202 sunt
1099 2152 1142 2203 vel
1155 2155 1284 2218 putanda

161 2226 314 2292 quaelibeta
331 2225 427 2291 iniqua
439 2225 573 2276 bominum
585 2225 733 2277 constituta.
754 2225 886 2287 Quocirca
904 2223 951 2275 ubi
969 2242 1023 2275 nan
1042 2231 1079 2276 est
1093 2241 1159 2277 aera
1170 2225 1283 2290 iustitia,

162 2299 233 2351 iuris
262 2316 389 2350 consensu
417 2298 532 2349 sociatus
561 2305 647 2350 caetus
672 2298 807 2350 bominum
831 2316 884 2350 non
903 2303 990 2363 potest
1014 2315 1076 2362 esse,
1102 2304 1126 2350 et
1150 2297 1210 2351 ideo
1235 2317 1283 2352 nec

160 2374 295 2440 populus3
320 2379 344 2424 et
368 2372 393 2423 si
416 2389 470 2424 non
484 2372 611 2437 papulus,
636 2387 684 2423 nec
703 2388 745 2424 res
759 2372 865 2438 populi,
885 2373 932 2424 sed
950 2372 1141 2437 qualiscunque
1165 2373 1282 2424 multitu·

163 2447 245 2510 diuis,
265 2463 334 2512 quae
344 2446 441 2512 populi
452 2445 556 2496 nomine
575 2445 658 2511 dipna
676 2463 730 2496 nan
748 2452 794 2496 est.
819 2442 856 2496 Aa
871 2461 922 2510 per
940 2445 996 2505 boc,
1015 2444 1040 2497 si
1057 2445 1221 2511 respublica
1239 2463 1282 2500 res

165 2527 202 2572 est
216 2521 319 2585 papuli,
339 2527 363 2572 et
376 2522 495 2585 populus
513 2535 567 2568 non
587 2524 632 2581 est,
648 2517 694 2583 qui
713 2535 841 2570 consensu
864 2517 932 2569 iuris
956 2518 1071 2569 sociatus
1089 2536 1144 2569 non
1163 2526 1209 2583 est,
1227 2537 1283 2571 non

161 2601 203 2644 est
223 2600 310 2645 antem
327 2594 379 2658 ius,
399 2593 446 2644 ubi
463 2592 540 2642 nnita
557 2591 661 2642 iustitia
680 2598 725 2654 est,
740 2590 937 2657 proculdubio
956 2591 1095 2658 callipitur,
1115 2591 1162 2642 ubi
1179 2591 1282 2644 iustitia

163 2683 219 2718 non
238 2673 283 2732 est,
302 2685 356 2719 non
374 2683 429 2718 esse
447 2682 503 2716 rem
517 2663 661 2730 publicam.
697 2664 806 2715 Iustitia
820 2681 903 2730 porro
923 2669 960 2715 est
979 2680 1012 2715 ea
1030 2663 1123 2729 uirtus,
1142 2681 1212 2794 prae
1230 2683 1282 2717 suu

159 2750 258 2816 oatqm
276 2748 418 2801 tutatuta.
462 2733 507 2797 Et
527 2731 622 2881 longe
643 2753 743 2818 supra
763 2730 850 2796 idem
871 2730 1072 2816 Augustinus
1093 2732 1128 2794 in
1160 2727 1231 2796 ibro
1250 2735 1281 2798 2.

163 2817 203 2882 de
236 2817 365 2882 civitate
397 2816 461 2882 Dei
491 2817 576 2882 intro
600 2837 698 2882 ucens
731 2815 920 2880 sententiam
952 2813 1005 2879 vel
1038 2813 1201 2902 Scipionis
1228 2816 1282 2881 vel

161 2899 262 2966 Tullii
276 2899 316 2966 de
331 2923 366 2966 re
380 2899 528 2988 publica:
550 2914 625 2968 Sicut
642 2913 672 2966 in
683 2915 795 2982 fidibus,
813 2899 918 2986 inquii
926 2909 948 2982 ²,
971 2931 1002 2966 ac
1021 2913 1091 2965 tibiis
1109 2920 1187 2980 atpue
1200 2921 1280 2967 cantu

159 2993 219 3059 ipso
240 3009 272 3044 aa
290 2991 397 3044 uocibus
416 2999 554 3044 concentus
573 2990 739 3056 estquidam
758 2990 886 3041 tenendus
905 3005 938 3042 eu
957 2987 1085 3041 dr'slinctis
1103 2987 1183 3051 sonis,
1203 3005 1280 3054 quem

160 3067 328 3120 immutatum
353 3073 431 3132 atque
454 3065 647 3131 discrepantem
670 3079 749 3114 aures
768 3064 889 3116 musidae
899 3064 978 3130 ferre
996 3078 1050 3112 nan
1064 3068 1186 3127 possunt,
1204 3061 1280 3128 teque

162 3146 301 3193 concentus
321 3155 353 3190 esc
372 3138 609 3190 dissimillimarum
628 3155 721 3188 uacum
739 3137 918 3189 moderatione
937 3153 1044 3188 concors
1063 3141 1150 3186 tamen
1166 3135 1279 3203 efficitm

161 3221 186 3267 et
204 3229 345 3281 conpraus,
365 3211 402 3264 sic
420 3207 474 3265 eal)
494 3211 602 3264 summis
622 3217 646 3262 et
663 3210 760 3278 infimis
779 3217 802 3262 et
820 3211 914 3263 mediis
932 3207 1073 3262 interiectis
1086 3208 1232 3272 ordinibus,
1250 3215 1279 3259 ut

161 3288 241 3352 soum,
264 3287 403 3338 moderata
425 3286 528 3338 ratione
550 3285 681 3338 antean
706 3300 833 3336 conserua
855 3283 1090 3336 dissimillimarum
1108 3281 1199 3334 dicunt
1217 3298 1278 3332 con·

159 3362 263 3422 cineres
282 3367 306 3413 et
324 3377 393 3426 quae
411 3359 553 3411 barmonia
568 3377 585 3410 a
603 3357 710 3410 musicis
728 3357 827 3409 olicilm
849 3358 878 3409 in
898 3363 988 3420 cantu,
1015 3372 1073 3406 eam
1092 3370 1147 3406 esse
1165 3353 1195 3404 in
1213 3353 1277 3406 aial·

160 3441 213 3486 tate
233 3434 410 3496 concordiam,
430 3433 591 3485 artissimam
610 3439 688 3497 alque
702 3431 827 3497 optimum
839 3431 912 3483 omni
928 3430 957 3481 in
975 3426 1125 3494 republica
1142 3426 1278 3478 uinculum

158 3507 357 3572 incolumitatis,
386 3523 494 3572 eamque
522 3506 579 3558 sine
606 3503 710 3556 iustitia
734 3505 808 3556 nullo
831 3510 912 3570 pacta
941 3519 996 3555 esse
1018 3516 1106 3566 passe.
1144 3499 1277 3565 Populum

158 3589 248 3633 autem
272 3599 326 3634 non
351 3597 451 3632 omnem
478 3587 577 3632 coetum
600 3577 786 3641 mutitudinis,
810 3579 857 3630 sed
882 3583 981 3630 eoelum
1003 3573 1073 3625 iuris
1096 3589 1225 3626 consensu
1253 3580 1277 3625 et

157 3655 281 3706 utilitatis
299 3654 478 3706 communione
496 3653 624 3704 sociatum
643 3669 697 3704 esse
716 3651 900 3716 determinant,
920 3656 945 3702 el
957 3648 1056 3709 dicunt,
1076 3653 1138 3700 tunc
1153 3663 1207 3698 esse
1221 3663 1278 3700 rem

153 3728 298 3794 publicam,
317 3728 348 3780 id
366 3735 403 3779 est
420 3744 476 3779 rem
490 3725 595 3792 populi,
614 3743 671 3777 oum
692 3725 755 3777 bene
772 3742 803 3776 aa
815 3725 884 3777 iuste
894 3723 1004 3792 peritur,
1024 3720 1079 3772 siae
1092 3720 1125 3772 ab
1140 3738 1192 3772 uno
1205 3737 1276 3788 repe,

157 3801 212 3852 siae
232 3817 250 3850 a
263 3801 361 3866 paucis
380 3800 557 3866 optimatibus,
576 3799 631 3850 siue
650 3799 683 3849 ab
703 3797 826 3850 uniuerso
841 3799 952 3865 papula.
991 3795 1055 3848 coa
1078 3810 1140 3846 uera
1159 3793 1277 3845 iniustus

158 3881 196 3926 cst
218 3891 274 3937 reu,
300 3891 377 3940 quem
402 3881 545 3940 tyrannum
571 3889 642 3924 more
662 3872 763 3924 Graeco
788 3873 931 3938 appellant,
951 3876 998 3922 aut
1016 3865 1110 3919 iniusti
1128 3867 1275 3933 optimates,

156 3965 270 4012 quorum
288 3964 441 3999 consensum
459 3947 550 3998 dieunt
569 3961 623 3997 esse
635 3945 792 4011 factionem,
812 3952 860 3997 aut
877 3945 993 3996 iniustas
1011 3942 1067 4007 ipse
1082 3941 1211 4006 popalus,
1233 3938 1277 3990 aui

156 4037 251 4072 nomen
275 4021 401 4073 usitatum
426 4038 479 4073 non
498 4019 642 4085 reperiant,
662 4018 716 4070 nisi
734 4019 813 4070 etiam
830 4019 918 4085 ipsum
938 4025 1082 4085 tyrannum
1102 4019 1202 4076 uacent,
1221 4027 1278 4064 nom

156 4191 182 4244 s)
199 4193 254 4233 deest
270 4192 326 4244 Aup.
387 4193 411 4246 b)
428 4198 451 4236 st
467 4197 486 4236 1.
504 4194 561 4244 nup.

158 4355 186 4419 1)
207 4357 296 4422 Opera
314 4355 379 4419 VII,
398 4373 424 4423 p.
445 4353 506 4407 564.
582 4354 611 4420 2)
631 4353 671 4406 cf.
692 4355 781 4422 Opera
800 4352 862 4419 VII,
884 4369 911 4420 p.
930 4351 974 4402 48.
995 4349 1039 4400 49.
