3114 4814
273 353 309 404 92
470 353 520 402 DE
540 352 699 404 UNITATE
718 350 925 404 ECCLESIAE
946 351 1223 404 CONSERVANDA.

272 521 428 584 nutriret¹
445 520 547 606 ipsius
562 519 711 583 incendia
725 517 931 584 Hildebranti
945 519 1009 583 iam
1026 518 1083 582 diu
1098 519 1240 584 defuncti
1250 531 1271 600 ²,
1293 523 1406 606 primo

274 603 406 690 quidem
427 626 487 690 per
501 603 699 668 clandestina
713 601 884 690 colloquia,
906 602 1024 667 deinde
1044 623 1103 688 per
1117 613 1282 668 contracta
1300 605 1407 671 unde·

274 709 402 775 cunque
425 695 552 773 poterat
573 685 798 752 conventicula
820 707 1000 751 sermonem
1021 685 1129 752 intulit
1150 687 1190 753 de
1212 709 1404 754 excommu-

273 773 435 836 nicatione
456 773 500 836 im
526 771 670 854 cratoris,
693 771 732 836 de
747 772 876 853 iniusta,
898 781 935 835 ut
948 771 1018 856 ipse
1033 769 1172 852 dicebat,
1194 775 1403 839 successione

274 855 438 941 Wigberti
466 794 523 920 'ad
546 855 768 954 pontificatum
800 854 996 941 apostolicae
1029 853 1130 938 sedis3
1162 853 1256 921 valde
1289 867 1403 922 autem

272 938 490 1027 periculosum
521 939 590 1004 fore
624 961 698 1004 cum
733 938 891 1004 eiusmodi
923 937 1105 1003 hominibus
1136 941 1402 1006 communionem

273 1023 415 1110 aliquam
443 1022 579 1106 habere;
606 1024 650 1087 im
675 1023 795 1088 oratori
820 1045 897 1088 vero
926 1023 1117 1108 promissam
1146 1023 1244 1088 fidem
1272 1033 1304 1090 et
1324 1047 1401 1111 pro·

273 1110 408 1173 missum
436 1108 603 1173 servitium
632 1047 769 1172 libenter
796 1127 996 1189 conservare,
1025 1107 1052 1170 si
1073 1105 1151 1171 velit
1171 1107 1300 1255 publice
1323 1130 1401 1172 con-

274 1193 368 1274 fiteri,
391 1215 425 1257 se
447 1190 577 1256 vinculo
600 1191 812 1255 anathematis
833 1189 969 1274 ligatum
992 1212 1062 1254 esse
1084 1200 1116 1254 et
1136 1193 1169 1254 in
1194 1213 1212 1255 e
1234 1191 1318 1256 solvi
1339 1215 1402 1278 per

273 1277 448 1366 participes
469 1277 521 1340 sui
543 1274 693 1360 Gregorii
713 1295 829 1372 papae,
850 1275 878 1338 si
901 1274 997 1339 etiam
1018 1272 1096 1339 velit
1116 1274 1322 1374 Wigbertum
1344 1275 1403 1341 de·

274 1382 412 1448 ponere3
441 1357 585 1446 alioquin
614 1382 648 1424 se
675 1367 850 1445 poemtere,
884 1357 971 1505 quod
1001 1357 1052 1423 vel
1081 1359 1201 1424 viderit
1232 1359 1401 1425 hominem

274 1445 601 1524 excommunicatum,
623 1443 674 1506 cui
696 1464 862 1528 nunquam
906 1440 1000 1506 ebeat
1019 1443 1258 1508 communicare
1280 1443 1401 1530 aliquis

274 1527 426 1592 fidelium.
458 1527 550 1590 Haec
573 1527 701 1613 saepius
716 1525 924 1590 memorando
947 1523 1141 1592 sollicitabat
1162 1529 1286 1592 animos
1300 1527 1401 1614 pluri-

274 1633 411 1693 morum,
440 1632 514 1674 cum
546 1611 611 1674 iam
643 1620 752 1696 posset
783 1610 853 1674 fieri
886 1631 954 1695 pax
986 1609 1203 1694 ecclesiarum,
1234 1613 1297 1676 nisi
1326 1614 1400 1698 ipse

274 1695 390 1760 Hartvi
447 1695 540 1759 iuxta
570 1716 689 1760 nomen
717 1715 812 1758 suum
841 1692 958 1757 durum
987 1695 1028 1758 iis
1054 1705 1241 1760 renovasset
1268 1695 1400 1762 bellum.

274 1779 364 1864 Ergo
379 1718 511 1866 piurimi
525 1779 621 1843 etiam
636 1779 872 1864 episcoporum,
895 1779 952 1864 qui
973 1777 1204 1844 damnaverant
1224 1781 1259 1844 in
1273 1779 1399 1866 synodo
1414 1774 1422 1784 ⁰

276 1863 415 1928 eundem
447 1863 643 1948 Hartvigum
676 1872 708 1928 et
739 1867 773 1927 in
804 1862 1009 1927 damnatione
1043 1864 1111 1927 eius
1143 1862 1401 1950 subscripserant

274 1949 367 2013 iuxta
382 1945 577 2034 apostolicae
599 1947 684 2012 sedis
706 1946 882 2028 decretum,
902 1947 967 2032 ipsi
987 1968 1053 2010 non
1075 1946 1179 2012 solum
1200 1949 1235 2012 in
1257 1969 1401 2012 commu-

274 2033 405 2097 nionem
432 2053 507 2096 eum
536 2032 659 2118 absque
690 2030 838 2116 synodali
867 2030 1078 2096 conventione
1109 2040 1311 2120 receperunt,
1340 2031 1399 2097 sed

275 2118 372 2180 etiam
404 2113 505 2200 aliqui
536 2137 649 2179 eorum
681 2125 793 2179 contra
824 2115 1050 2199 imperatorem
1087 2115 1179 2180 simul
1217 2127 1249 2182 et
1285 2125 1399 2182 contra

275 2199 385 2264 sedem
407 2197 617 2284 apostolicam
640 2221 714 2262 oum
737 2220 774 2262 eo
790 2198 1062 2283 conspiraverunt,
1084 2211 1120 2264 ut
1141 2201 1207 2266 iam
1229 2223 1271 2266 ex
1291 2199 1399 2265 multi-

275 2283 387 2348 tudine
414 2282 701 2367 praevaricationis
729 2280 855 2346 illorum
878 2282 934 2368 qui
956 2281 1115 2348 eiusmodi
1137 2295 1211 2348 sunt
1231 2285 1399 2372 episcopo-

275 2389 348 2431 rum
379 2365 551 2430 iustificata
584 2365 822 2453 quodammodo
858 2363 1008 2428 videatur
1039 2365 1153 2432 levitas
1187 2369 1397 2450 Graecorum,

277 2466 352 2532 aput
382 2482 463 2532 quos,
499 2451 584 2514 siout
619 2449 768 2516 Gelasius
801 2469 887 2536 papa
923 2449 1037 2515 scribit
1046 2461 1069 2531 ³,
1094 2466 1191 2533 facitu
1219 2473 1244 2519 et
1274 2467 1398 2534 incutia-

277 2539 336 2590 bitis
359 2547 475 2605 putatur
502 2557 557 2592 esse
580 2541 727 2606 permistio,
754 2540 825 2606 quod
854 2539 928 2605 apud
957 2556 999 2591 eos
1027 2541 1104 2592 uuila
1131 2541 1166 2592 sit
1192 2541 1252 2593 ueri
1274 2541 1398 2608 fabrique

276 2611 415 2678 discretio,
445 2621 469 2664 et
496 2631 554 2664 cum
582 2613 664 2666 oeliut
692 2614 813 2666 omuibus
839 2611 959 2678 reprobis
989 2629 1043 2665 csse
1071 2630 1234 2676 communes,
1260 2614 1290 2666 ia
1318 2615 1397 2666 uuila

275 2700 455 2746 mouebantur
468 2695 602 2760 probitate
621 2695 789 2748 omisistcress.
827 2680 914 2744 Hinc
936 2681 1151 2746 hereticorum
1172 2679 1268 2746 simul
1290 2680 1398 2746 caillo-

275 2761 476 2848 licorumque
504 2763 705 2828 confessione
733 2765 887 2849 permista
912 2771 1029 2829 cuncta
1057 2787 1154 2831 verae
1181 2773 1214 2830 et
1241 2786 1399 2850 syncerae

275 2845 440 2993 religionis
462 2845 643 2927 turbantur,
666 2848 887 2934 catholicaque
913 2857 946 2947 et
971 2848 1150 2947 apostolica
1173 2850 1298 2935 puritas
1323 2870 1398 2914 oon·

275 2929 331 2994 fun
356 2931 429 2994 itur.
474 2928 660 2994 Gelasius⁴z
686 2944 741 2998 Aur
763 2943 894 3010 catholici,
915 2943 1030 3017 rnqmt,
1056 2953 1103 2999 aot
1124 2948 1232 3000 tuetur?
1252 2957 1338 3012 aaut,
1363 2949 1397 3000 de

277 3019 372 3086 quibus
398 3020 446 3071 iila
465 3019 569 3085 passim
590 3019 732 3072 latrocinio
754 3020 912 3071 detestanda
937 3022 1098 3075 socoiabrmt.
1122 3020 1154 3073 Si
1172 3020 1287 3084 haretici,
1302 3021 1397 3088 prodi,

277 3092 375 3144 discuti
387 3101 411 3144 et
423 3091 536 3160 iepitima
549 3092 668 3144 oouoiuci
679 3091 764 3144 modis
784 3091 904 3146 omuibus
917 3095 1071 3160 debuerunt,
1091 3097 1133 3146 oet
1150 3093 1206 3148 suis
1225 3093 1394 3162 confessioni·

277 3173 325 3225 bus
345 3173 388 3224 uel
405 3173 520 3226 otiorum
537 3173 644 3226 uocibus
663 3175 806 3241 confutari.
845 3159 911 3226 Sed
927 3163 1083 3228 mirentur
1096 3161 1162 3246 alli,
1183 3163 1270 3250 quod
1286 3162 1327 3227 de
1341 3160 1395 3226 lllo

135 3261 342 3327 n·.14,ro.qu0
366 3261 406 3306 ue
421 3241 582 3326 Hartvigo
602 3263 677 3306 vere
695 3242 871 3308 secundum
888 3243 1014 3311 literam
1033 3247 1137 3332 possit
1158 3245 1296 3332 intelligi
1317 3246 1396 3312 haec

155 3325 237 3368 ¹⁷³⁰·
276 3345 335 3411 per
391 3327 511 3390 esaiam
531 3324 722 3411 prophetam
745 3329 900 3393 sententia
920 3329 1068 3394 Domini:
1089 3332 1263 3417 Numquid
1276 3333 1337 3396 iste
1351 3341 1396 3396 est

275 3413 338 3492 uir,
361 3413 420 3497 qui
437 3411 641 3475 conturbavit
655 3420 786 3493 terrum,
809 3415 865 3497 qui
886 3418 1050 3480 concussit
1068 3437 1105 3478 re
1129 3439 1186 3498 ua,
1207 3419 1268 3516 qui
1283 3419 1396 3500 posuit

278 3495 383 3560 orbern
412 3494 571 3560 desertum
601 3504 630 3558 et
651 3495 747 3558 urbes
769 3497 839 3560 eius
861 3498 1041 3562 destrucciti
1158 3523 1254 3580 curru,
1283 3501 1317 3562 in
1340 3500 1395 3580 uit,

276 3587 399 3643 terrum
413 3587 504 3643 tuom
518 3579 760 3664 disperdidisti,
775 3589 810 3643 tu
822 3602 867 3664 po
894 3581 985 3646 ulum
998 3593 1091 3648 tuum
1106 3584 1265 3652 occidisti,
1328 3603 1393 3664 aec,

276 3663 420 3746 inquam,
446 3666 603 3726 mirentur
622 3661 678 3727 alii
705 3663 739 3725 in
760 3661 821 3726 hoc
847 3605 891 3728 dii
910 3687 973 3750 quo
994 3688 1081 3730 nunc
1101 3669 1208 3753 agitur
1228 3668 1309 3746 viro,
1336 3685 1393 3728 nos

276 3754 383 3810 autem
413 3747 567 3810 miramur
590 3747 624 3809 in
648 3744 715 3828 illo,
742 3747 830 3832 quod
856 3757 922 3812 tam
944 3750 1065 3816 stultus
1093 3761 1202 3836 pastor
1222 3750 1328 3837 potuit
1348 3757 1395 3814 tot

277 3828 456 3896 sacerdotes
478 3839 510 3894 et
533 3840 655 3896 tantum
677 3829 833 3916 populum
854 3843 929 3918 post
950 3857 984 3898 se
1006 3837 1039 3900 in
1061 3834 1237 3921 perniciem
1258 3832 1393 3916 trahere,

276 4045 299 4099 a)
317 4052 422 4090 constare
438 4047 482 4091 Oet.

277 4246 305 4309 1)
323 4245 364 4295 Ns
384 4245 417 4296 de
437 4246 490 4298 hac
510 4244 617 4312 quidem
637 4261 666 4296 re
686 4244 733 4295 alii
752 4247 896 4313 scriptores
916 4249 1060 4314 quicquam
1081 4246 1198 4298 tradunt.
1274 4244 1303 4312 2)
1323 4246 1397 4298 Obiit

277 4318 472 4382 s.1085,usi
492 4319 535 4370 25.
611 4317 642 4386 3)
663 4318 704 4370 Of.
723 4319 801 4370 Thisl
820 4338 847 4387 p.
867 4320 930 4372 tas.
1006 4319 1035 4386 4)
1055 4321 1202 4372 Hinsohius
1222 4337 1250 4388 p.
1270 4319 1333 4371 648.
