3114 4814
518 963 850 1045 PRAEFATIO

393 1086 442 1136 EX
469 1087 608 1138 MONUM.
638 1087 746 1139 GERM.
775 1086 978 1138 HISTORIOIS

540 1177 581 1220 sn.
598 1179 625 1219 Τ.
642 1178 669 1231 V,
686 1189 708 1228 p.
725 1179 767 1219 817
784 1189 834 1228 sqq.

210 1287 343 1383 Bruno,
374 1306 507 1369 natione
536 1304 639 1385 Sauo,
662 1305 958 1420 Mepdeburpensis
986 1303 1137 1368 eeclesiae
1164 1305 1250 1370 clero

128 1387 349 1471 adscriptus1,
362 1387 577 1472 familiaris²
595 1389 671 1472 fuit
700 1388 882 1452 llerinberi
910 1388 1173 1472 arcbiepiscopi,·
1191 1392 1252 1475 qui

128 1468 202 1536 belli
215 1472 301 1535 inter
316 1471 511 1536 Heinricum
526 1472 584 1537 IV.
606 1494 713 1558 repam
730 1481 759 1536 et
768 1473 942 1557 principes
957 1470 1128 1536 Samonioe
1143 1474 1252 1538 enorti

127 1575 198 1618 una
213 1577 285 1618 cum
307 1555 419 1619 Ottone
439 1557 520 1620 duce
538 1558 745 1640 praecipuus
768 1563 890 1636 auctor,
915 1577 946 1618 a.
971 1553 1060 1618 1075.
1083 1579 1157 1620 cum
1176 1555 1249 1622 reli·

128 1639 201 1723 quis
216 1639 431 1722 principibus
453 1649 565 1723 sponte
595 1662 656 1702 sua
685 1642 758 1724 repi
785 1661 817 1703 se
846 1639 995 1720 tradidit,
1025 1648 1054 1702 et
1076 1648 1249 1726 postquam

128 1723 164 1786 in
181 1723 333 1805 patriam
354 1724 470 1803 reduc,
494 1746 524 1786 a.
551 1722 641 1786 1077.
663 1722 846 1806 lindulfum
868 1721 1047 1787 Suevorum
1076 1723 1189 1786 ducem
1210 1728 1247 1789 in

127 1826 266 1891 repnum
287 1805 477 1886 elevaverat,
500 1830 531 1869 a.
555 1806 646 1870 1078.
669 1828 709 1869 ea
718 1829 841 1892 pupna
855 1805 1158 1870 Melricbestadensi
1168 1830 1248 1890 pro-

117 1887 230 1974 fupus
256 1891 343 1952 inter
370 1892 566 1954 rusticorum
594 1912 713 1954 manus
742 1890 900 1954 occubuit.
946 1887 1008 1954 Cui
1036 1912 1123 1952 anno
1156 1891 1249 1956 1079.

129 1973 313 2059 Haeduipo
346 1975 592 2058 archiepiscopo
624 1972 764 2058 suffecto,
795 1974 913 2036 Boario
948 1973 993 2036 ad
1025 1973 1250 2039 Werinberum

127 2056 424 2143 Merseburpensem
452 2061 654 2142 episcopum,
678 2058 820 2141 patroni
848 2058 903 2121 sui
931 2056 1079 2141 defuncti
1108 2059 1251 2124 amicum

128 2149 157 2202 et
177 2141 215 2204 in
237 2141 385 2206 omnibus
408 2165 491 2226 quae
517 2164 582 2227 pro
607 2139 798 2226 republica
819 2149 929 2227 eperat
950 2143 1081 2222 socium,
1110 2163 1143 2204 se
1171 2163 1246 2205 con-

127 2222 211 2305 tulit,
233 2233 262 2286 et
283 2226 319 2288 in
332 2224 508 2309 familiam
530 2227 677 2312 episcopi
697 2233 874 2311 receptus³,
904 2224 1036 2289 domino
1063 2246 1122 2288 suo
1150 2224 1247 2290 dites

127 2309 250 2373 tissima
272 2319 405 2394 pratum
427 2313 573 2374 animum
601 2319 798 2389 ostensurus,
828 2307 1054 2373 ann01082.⁴
1081 2309 1169 2393 quod
1190 2332 1246 2394 op-

127 2393 241 2454 timum
270 2402 410 2476 poterat,
442 2393 562 2458 librum
594 2393 633 2458 de
666 2392 744 2458 bello
778 2392 951 2458 Senonum
983 2415 1056 2456 cum
1089 2393 1250 2458 Heinrico

128 2474 249 2538 obtulit.
292 2476 467 2540 Eiusmodi
495 2477 616 2542 donum
645 2479 717 2541 viro
739 2499 832 2562 quem
855 2477 1035 2541 'l'bietmari
1055 2475 1155 2541 libros
1177 2501 1245 2542 rna-

127 2558 226 2622 nibus
247 2560 376 2623 trivisse
398 2561 568 2624 novimus⁵
598 2569 730 2646 proteum
756 2571 785 2625 et
811 2569 976 2644 acceptum
993 2559 1118 2644 fuisse,
1137 2561 1250 2643 facile

127 2641 281 2708 creditur.
325 2643 443 2708 Bruno
465 2644 611 2708 ‘breviter
632 2653 661 2708 ei
679 2650 838 2708 veraciter
857 2647 941 2708 sicut
956 2643 996 2706 ab
1012 2643 1064 2706 bis
1079 2645 1138 2728 qui
1150 2645 1249 2709 rebus

124 2725 347 2812 interfuerant
368 2749 559 2812 cognoscere
568 2729 707 2811 poterat’
725 2727 932 2792 scribendum
953 2727 1017 2790 sibi
1036 2729 1248 2812 proposuit⁶.

126 2809 202 2894 Ipse
231 2811 360 2896 quidem
388 2813 529 2877 duorum
555 2815 790 2897 episcoporum,
820 2813 879 2894 qui
907 2833 1032 2896 mapna
1058 2833 1145 2895 pars
1172 2810 1246 2876 belli

127 2902 230 2976 erunt,
261 2894 397 2960 consilio
420 2907 572 2981 opereve*
600 2896 743 2976 adiutor,
774 2919 856 2981 quae
877 2917 950 2958 cum
971 2895 1077 2978 ipsis⁸
1107 2893 1250 2980 aliisque

126 3000 192 3041 non
214 2976 316 3042 solum
339 2978 510 3044 Sessorium
540 2981 596 3045 sed
617 2989 646 3044 et
667 2980 963 3044 Heinricianarum
979 2979 1132 3062 partium
1147 2983 1248 3064 prin·

127 3061 277 3144 cipibus⁹
299 3063 475 3127 collocutus
498 3073 706 3149 compererat,
737 3086 858 3150 quaeve
879 3064 949 3146 ipse
967 3083 1128 3147 praesens
1156 3063 1245 3126 vide-

126 3153 181 3206 rat
191 3155 215 3190 ¹⁰
248 3144 297 3208 vel
329 3148 366 3210 in
394 3147 541 3230 publicis
569 3148 776 3212 indubitatae
800 3147 888 3229 fidei
915 3148 1081 3230 scriptis¹¹
1112 3145 1244 3231 leperut,

125 3229 298 3291 memoriae
319 3231 470 3294 tradidit.
513 3231 580 3296 Nee
588 3231 673 3314 fidei
686 3233 756 3295 eius
770 3233 807 3294 in
822 3232 1012 3294 universum
1027 3229 1138 3313 officit,
1158 3231 1249 3315 quod

119 3311 258 3394 patriae
280 3335 388 3376 amore
411 3324 440 3376 et
461 3315 535 3379 odio
557 3317 721 3379 servitutis
737 3315 854 3378 ductus
870 3316 982 3378 aerius
996 3315 1033 3376 in
1050 3313 1245 3376 Heinricnm

125 3395 338 3477 inventurn,
373 3420 471 3480 quum
504 3400 541 3462 in
573 3407 668 3461 tanta
696 3421 806 3460 rerum
838 3397 1045 3460 commotione
1077 3397 1131 3458 uir
1158 3395 1248 3462 nulli

128 3555 157 3622 1)
177 3572 198 3606 c.
218 3554 262 3608 38.
283 3557 327 3607 39.
347 3557 392 3608 40.
467 3558 496 3624 2)
515 3577 536 3610 c.
557 3558 592 3608 38
611 3567 636 3612 a
654 3560 698 3610 52.
774 3560 804 3624 3)
823 3557 972 3623 Praefatio.
1052 3556 1082 3621 4)
1106 3555 1178 3623 Opas
1198 3557 1244 3608 ab·

125 3627 201 3681 solvit
215 3637 279 3694 post
302 3630 329 3681 d.
351 3630 395 3681 26.
413 3630 564 3683 Decembris
589 3631 656 3684 anni
677 3631 744 3681 1081
772 3630 806 3698 (c.
829 3629 913 3697 131.),
939 3629 1123 3694 superstitibus
1147 3631 1247 3682 Wesin·

125 3702 188 3754 bero
212 3704 242 3767 (†
267 3720 292 3754 a.
320 3702 422 3770 1093),
447 3705 607 3757 Burcbordo
631 3701 855 3756 Halbsrstadensi
878 3704 998 3769 episcopo
1025 3703 1060 3770 (a.
1084 3703 1141 3770 83.)
1168 3702 1197 3768 (†
1218 3723 1245 3756 a.

127 3775 229 3841 1088),
247 3775 405 3829 Hermanno
428 3795 488 3846 repe
506 3787 530 3829 et
553 3777 643 3830 Ottone
662 3779 729 3830 duce
749 3779 782 3845 (o.
804 3777 888 3844 131.)‚
912 3793 1022 3842 quorum
1046 3777 1090 3828 ille
1116 3795 1143 3828 a.
1164 3778 1246 3843 1087,

125 3848 166 3899 bio
185 3849 211 3900 d.
231 3849 256 3900 3.
277 3849 322 3902 Id.
341 3849 470 3902 Ianuarii
489 3869 514 3904 a.
536 3851 614 3904 1083.
635 3851 707 3904 obiit.
764 3851 793 3914 5)
815 3849 865 3902 SS.
877 3849 936 3913 III,
954 3867 982 3915 p.
997 3849 1059 3901 729.
1111 3849 1140 3918 6)
1160 3851 1244 3902 Pses-

1 3898 22 4007 l'
117 3921 199 3986 satio.
306 3921 334 3989 7)
355 3942 377 3975 e.
397 3924 442 3986 52,
462 3926 496 3990 cf.
517 3942 537 3976 o.
558 3926 602 3976 58.
711 3923 741 3990 8)
762 3923 802 3990 Of.
822 3941 881 3990 cap.
902 3921 1107 3989 96.‘abipsius
1126 3941 1171 3975 ore
1189 3941 1244 3975 non

124 3996 203 4046 semel
221 3994 332 4046 andivi.
417 3999 446 4061 9)
466 4015 488 4050 c.
509 3999 552 4050 13.
628 4000 674 4064 10)
694 4015 717 4050 e.
734 4016 760 4066 9.
779 4015 801 4048 c.
822 3997 865 4049 38.
885 3997 929 4048 46.
950 3995 993 4047 52.
1005 3998 1127 4062 fortasse
1146 4003 1170 4048 et
1188 3996 1242 4047 We·

123 4067 260 4119 munerum
273 4078 413 4136 utrumque
428 4072 457 4122 in
470 4069 608 4122 itineribus
622 4073 759 4124 comitatus
764 4071 870 4136 fuerat,
883 4070 1003 4136 sortasse
1016 4070 1139 4136 epistolas
1154 4085 1247 4120 eorum

123 4141 227 4193 nomine
248 4143 364 4208 scripsit.
478 4143 523 4212 11)
550 4163 571 4197 c.
597 4146 641 4196 42.
668 4145 712 4196 48.
737 4145 781 4194 49.
808 4143 852 4194 51.
879 4142 922 4194 59.
950 4141 993 4193 65.
1013 4143 1057 4194 66.
1078 4143 1121 4193 67.
1142 4143 1176 4190 69
1197 4150 1243 4194 etc.

126 4213 173 4276 12)
192 4213 245 4265 Res
255 4217 319 4280 jere
336 4217 503 4270 incredibiles
522 4219 555 4270 de
574 4235 603 4270 eo
615 4217 715 4285 referre
729 4224 887 4277 accusatum
905 4215 952 4266 sed
964 4223 1053 4267 nostro
1066 4231 1169 4281 quoque
1182 4223 1243 4266 tem·

117 4302 247 4351 poneres
265 4289 353 4341 multis
371 4291 537 4343 incredibiles
556 4293 629 4345 visos
647 4291 729 4344 oculis
747 4290 845 4342 nostris
857 4288 972 4340 vidimus
986 4296 1010 4340 et
1023 4288 1134 4339 auribus
1146 4288 1247 4340 nostris

123 4357 285 4412 audivimus.
