3098 4818
284 349 318 398 76
567 347 689 399 BRUNO
709 347 759 397 DE
780 347 901 398 BELLO
922 345 1115 397 SAXONICO.

205 537 272 578 sorr.
371 514 441 580 106.
465 513 663 601 Greqorius¹
677 515 852 598 episcopus
866 536 978 578 servus
990 536 1157 578 seruorum
1165 514 1240 594 Dei,
1256 513 1406 578 dilectis³

284 603 320 665 in
345 599 473 666 Obristo
485 598 657 684 fratribus
680 599 950 744 archiepiscopis,
976 599 1149 682 episcopis,
1179 598 1327 680 ducibus,
1350 621 1405 663 co-

284 683 425 763 mitibus,
448 693 477 748 et
498 685 662 748 uniuersis
680 682 803 747 Otrtsu·
817 683 888 764 fide
903 681 984 762 ibus,
1007 682 1132 746 clericis
1154 691 1183 744 et
1204 682 1312 762 laicis,
1334 692 1406 747 tam

284 768 465 832 maioribus
501 790 599 851 quam
633 767 816 830 minoribus
847 768 884 830 in
916 788 1019 851 reque
1049 767 1298 830 Teutonicorum
1325 789 1403 830 con-

285 852 483 932 sistentibus,
511 851 648 914 salutem
675 860 704 914 et
734 849 949 934 apostolicam
972 850 1234 914 benedictionem.
1277 849 1404 914 Notum

275 936 356 1018 fleri
377 935 466 1000 vobis
489 935 644 1014 volumus,
664 934 796 1018 fratres
824 936 1000 1014 carissimi,
1029 935 1109 1018 quia
1131 933 1247 1020 leqatis
1269 935 1404 1014 nostris,

283 1019 504 1084 Bestiarum
527 1017 674 1082 videlicet
695 1028 828 1082 sanctae
849 1018 1020 1082 Romanae
1049 1017 1200 1082 ecclcsiae
1214 1017 1312 1099 fideli
1325 1015 1404 1099 filio

283 1114 312 1167 et
334 1104 483 1185 diacona,
515 1104 650 1187 itemque
672 1102 889 1166 Bernlzardob
914 1102 1025 1166 abbati
1045 1100 1266 1166 Massiliensis
1287 1123 1403 1166 mona-

284 1191 376 1253 sterii
407 1185 469 1252 reli
491 1190 561 1252 iaso
589 1188 821 1270 praecepimus
830 1196 852 1268 ⁰,
886 1195 922 1250 ut
951 1195 1123 1271 utrumque
1151 1207 1268 1271 reqem,
1298 1185 1403 1249 Hein-

283 1274 389 1336 ricum
415 1211 562 1337 vidilicet
587 1280 616 1332 et
637 1268 831 1354 Rodulfum,
866 1279 924 1334 aut
947 1292 1014 1354 per
1041 1292 1074 1332 se
1096 1279 1154 1333 aut
1172 1292 1236 1353 per
1266 1269 1405 1334 idoneos

283 1359 418 1420 nuntios
444 1356 651 1436 admoneant,
683 1364 843 1438 quatenus
868 1356 958 1418 viam
984 1354 1086 1418 michi
1102 1376 1168 1438 pro
1197 1354 1404 1418 discutiendo

283 1442 423 1526 neqotio,
453 1439 539 1524 quod
555 1439 704 1522 peccatis
715 1437 923 1522 facientibus
951 1441 1038 1502 inter
1064 1460 1117 1502 eas
1145 1447 1250 1502 ortum
1272 1447 1327 1518 est,
1356 1437 1405 1501 ad

283 1546 340 1587 uos
369 1524 440 1588 Deo
465 1521 605 1607 fauente
640 1543 751 1586 secure
783 1523 937 1586 veniendi
960 1521 1154 1606 praebeant.
1205 1523 1246 1585 In
1274 1544 1403 1607 maqna

284 1609 370 1672 enim
391 1608 530 1671 tristitia
552 1616 581 1670 et
603 1605 713 1670 dolore
742 1629 798 1671 cor
825 1616 972 1670 nostrum
984 1606 1139 1690 fluctuat,
1167 1607 1198 1670 si
1216 1628 1279 1689 per
1300 1607 1404 1670 unius

284 1692 427 1756 bominis
449 1690 637 1774 superbiam
663 1700 709 1754 tot
733 1689 828 1754 milia
858 1691 1024 1754 bominum
1046 1691 1304 1755 christianorum
1325 1699 1401 1755 tem-

279 1774 397 1859 porali
423 1785 452 1838 et
481 1785 632 1839 aeternae
658 1777 756 1839 morti
784 1774 976 1855 traduntur,
1008 1784 1037 1836 et
1069 1773 1256 1838 christiana
1281 1773 1402 1858 reliqio

284 1859 511 1944 confunditur,
538 1869 567 1923 et
592 1859 780 1924 Romanum
807 1860 983 1942 imperium
1012 1858 1058 1922 ad
1082 1859 1303 1942 perditionem
1324 1879 1404 1942 per-

283 1943 426 2008 ducitur.
476 1943 612 2029 Uterque
633 1966 773 2028 namque
794 1965 853 2006 ren
875 1966 896 2006 a
911 1942 1014 2022 nobis,
1036 1945 1133 2008 immo
1156 1943 1196 2007 ab
1220 1941 1404 2026 apostolica

282 2028 367 2110 sede,
390 2029 446 2092 cui
465 2028 538 2092 licet
559 2027 697 2110 indiqni
713 2027 955 2110 praesidemus,
978 2027 1189 2104 adiutorium¹
1202 2028 1351 2112 requirit,
1373 2036 1404 2090 et

283 2134 343 2176 nas
374 2111 413 2175 de
440 2112 670 2176 misericordia
703 2113 932 2196 omnipotentis
961 2111 1027 2174 Dei
1059 2121 1088 2174 et
1118 2110 1286 2176 adiutorio
1317 2111 1403 2176 beati

283 2197 374 2260 Petri
401 2195 614 2277 confidentes,
641 2197 763 2278 parati
789 2217 902 2258 sumus
929 2219 1001 2259 cum
1027 2205 1131 2259 vestro
1160 2196 1311 2276 oonsilio,
1344 2199 1403 2281 qai

282 2280 390 2343 Deum
424 2280 541 2344 timetis
579 2288 608 2342 et
641 2279 859 2342 christianam
880 2279 983 2361 fldem
1017 2278 1174 2364 diliqitis,
1209 2283 1404 2364 aequitatem

283 2385 404 2428 causae
434 2364 595 2446 utrimque
626 2362 806 2442 decernere,
839 2373 867 2426 et
896 2365 927 2426 ei
949 2363 1108 2445 praebere
1138 2363 1314 2445 ancilium,
1347 2367 1404 2429 cui

282 2447 413 2510 iustitia
429 2446 475 2510 ad
488 2449 585 2532 requi
598 2446 950 2531 qubernacalafaoere
966 2446 1159 2512 dinoscitur.
1190 2445 1405 2532 Quapropter

284 2532 314 2594 si
336 2529 490 2594 alteruter
518 2553 628 2594 eorum
658 2530 814 2613 superbia
842 2531 988 2614 inflatus,
1017 2530 1128 2616 aliquo
1150 2535 1294 2618 inqsuio,
1325 2552 1402 2617 quo«
1530 2527 1542 2582 θ

283 2616 395 2678 minus
418 2615 464 2678 ad
484 2637 540 2678 uos
562 2616 672 2678 uenire
688 2617 866 2698 possimus,
889 2615 1053 2696 obstiterit,
1076 2625 1105 2677 et
1126 2616 1165 2680 de
1186 2639 1249 2680 sua
1269 2618 1402 2682 iniusti-

282 2700 332 2762 tia
361 2702 477 2764 timens
504 2699 665 2764 iudicium
691 2701 800 2763 sancti
821 2697 997 2782 Spiritus‘l
1023 2699 1185 2785 refaqerit
1213 2701 1403 2765 inobediens

273 2783 403 2868 factus,
425 2783 605 2847 resistendo
628 2792 762 2846 sanctae
777 2793 806 2847 et
821 2783 1005 2847 uniuersali
1018 2787 1119 2847 matri
1132 2783 1293 2866 ecclesiae,
1316 2785 1403 2850 bunc

282 2867 367 2930 uelut
395 2867 569 2932 membrum
590 2867 788 2930 Antichristi
814 2877 843 2929 et
869 2866 1081 2931 desolatorem
1103 2868 1305 2934 christianae
1326 2869 1401 2933 reli·

282 2954 393 3038 qionis
415 2953 638 3034 contempnite,
660 2961 689 3014 et
710 2952 902 3015 sententiam
925 2973 1022 3035 quam
1044 2955 1151 3016 nostri
1164 2951 1266 3038 leqati
1287 2963 1403 3018 contra

283 3057 355 3098 eum
385 3045 499 3098 nostra
532 3037 600 3098 oice
627 3035 776 3099 dederint
804 3034 1000 3116 conseruate,
1030 3037 1174 3117 scientes,
1208 3038 1288 3121 quia
1310 3038 1403 3101 Deus

104 3159 108 3166 ι
166 3131 213 3174 Jrr·
223 3132 243 3179 ⁴,
253 3131 272 3174 t·
283 3119 435 3202 superbis
456 3119 587 3199 resistit,
610 3118 786 3183 humilibus
806 3128 912 3183 autem
928 3120 986 3182 dat
1007 3124 1161 3204 qratiam.
1205 3119 1312 3184 Alteri
1325 3143 1401 3185 uero

304 3203 342 3266 ui
370 3224 402 3266 sc
432 3202 597 3266 lumiliter
626 3201 791 3283 babuerit,
826 3211 854 3265 et
886 3204 1058 3284 iudicium,
1092 3203 1251 3268 decretum
1276 3227 1351 3269 uero
1380 3229 1403 3269 a

283 3225 415 3370 {piritu
436 3295 560 3366 sancto,
578 3307 643 3369 per
664 3307 720 3349 vos
739 3296 845 3350 autem
855 3285 1055 3370 prolatum0,
1077 3311 1144 3352 nou
1166 3291 1401 3372 contempserit,

282 3409 324 3422 -
345 3369 572 3434 indubitanter
593 3371 679 3434 enim
707 3369 878 3452 credimus,
908 3371 1091 3456 ubicunque
1114 3372 1180 3436 duo
1202 3372 1251 3436 uel
1277 3383 1342 3437 tres
1362 3375 1401 3436 in

283 3457 412 3518 nomine
434 3454 572 3518 Domini
597 3456 790 3540 conqreqati
813 3454 957 3538 fuerint,
991 3456 1078 3539 quod
1101 3459 1297 3540 praesentia
1329 3459 1401 3520 eius

281 3537 515 3602 illuminantur
530 3539 637 3602 —illi
659 3541 796 3622 inquam
818 3539 986 3602 seruitium
1008 3549 1036 3600 et
1050 3542 1263 3604 reuerentiam
1285 3563 1400 3606 secun-

282 3621 360 3685 dum
383 3623 468 3706 quod
490 3625 597 3686 nostri
618 3622 773 3706 praefati
800 3622 902 3707 leqati
930 3622 1131 3687 decreverint
1160 3624 1312 3705 eabibete,
1342 3625 1401 3688 ad-

282 3705 418 3768 nitentes
440 3714 468 3766 et
489 3705 595 3770 modis
617 3707 766 3771 omnibus
788 3709 818 3771 ei
840 3705 1054 3791 obsequentes,
1081 3718 1117 3772 ut
1138 3710 1266 3793 reqiam
1288 3709 1399 3795 diqni-

281 3797 378 3852 tatem
400 3788 528 3852 boneste
545 3793 653 3872 possit
675 3791 816 3855 obtinere
834 3799 863 3854 et
878 3801 1011 3856 sanctae
1032 3791 1184 3856 ecclesiae
1205 3794 1274 3856 iam
1292 3816 1403 3876 paene

281 3871 403 3936 labenti
422 3895 622 3938 succurrere.
664 3874 742 3939 Nan
765 3875 850 3938 euim
867 3897 888 3938 a
903 3876 998 3940 corde
1012 3885 1117 3940 oestro
1132 3876 1221 3941 debet
1242 3877 1401 3960 succidere,
1535 3870 1542 3918 ¹

282 3957 369 4042 quod
392 3958 449 4042 qui
471 3956 669 4042 apostolicae
691 3959 762 4023 sedi
784 3959 911 4022 obedire
933 3962 1138 4044 contempnit,
1168 3959 1271 4024 scelus
1292 3959 1399 4026 idola-

281 4135 306 4189 ι)
322 4139 361 4178 dil.
379 4139 622 4190 incantamenta.
665 4137 690 4190 b)
706 4141 733 4180 Β.
751 4142 771 4181 1.
817 4137 838 4190 c)
855 4141 995 4190 precipimus
1012 4143 1032 4182 1.
1078 4139 1100 4192 d)
1117 4142 1172 4181 deest
1190 4143 1209 4183 1.
1250 4139 1272 4193 s>
1288 4142 1320 4181 ito
1336 4141 1401 4181 ettam

280 4196 317 4248 R,
337 4199 374 4236 scd
394 4199 417 4238 s'n
439 4199 485 4242 cot.
505 4199 601 4238 Udatrict
620 4200 712 4248 sequor:
734 4199 783 4241 ind.
804 4209 847 4248 per
867 4209 909 4238 noe
929 4201 1052 4252 prolatum,
1073 4201 1189 4241 decretum
1210 4211 1265 4241 vero
1289 4212 1302 4240 a
1323 4199 1363 4252 Sp.
1380 4212 1399 4242 s.

283 4344 312 4412 1)
332 4345 410 4412 Grcq.
430 4346 493 4400 VII.
514 4347 628 4414 Reqistr.
649 4349 667 4398 Ι
672 4349 701 4412 V,
723 4350 766 4400 24.
799 4350 873 4400 Data
892 4358 929 4402 est
948 4351 1037 4402 eodem
1056 4351 1109 4402 die.
