<?xml version="1.0" encoding="UTF-8"?>
<!DOCTYPE html PUBLIC "-//W3C//DTD XHTML 1.0 Transitional//EN"
    "http://www.w3.org/TR/xhtml1/DTD/xhtml1-transitional.dtd">
<html xmlns="http://www.w3.org/1999/xhtml" xml:lang="en" lang="en">
 <head>
  <title>
</title>
<meta http-equiv="Content-Type" content="text/html;charset=utf-8" />
  <meta name='ocr-system' content='tesseract 3.04.00' />
  <meta name='ocr-capabilities' content='ocr_page ocr_carea ocr_par ocr_line ocrx_word'/>
</head>
<body>
  <div class='ocr_page' id='page_1' title='image "./waltramiutvidet01schwgoog_0122.png"; bbox 0 0 3114 4814; ppageno 0'>
   <div class='ocr_carea' id='block_1_1' title="bbox 287 331 1233 384">
    <p class='ocr_par' dir='ltr' id='par_1_1' title="bbox 287 331 1233 384">
     <span class='ocr_line' id='line_1_1' title="bbox 287 331 1233 384; baseline 0.003 -4"><span class='ocrx_word' id='word_1_1' title='bbox 287 331 322 380; x_wconf 87' lang='grc'><strong>96</strong></span> <span class='ocrx_word' id='word_1_2' title='bbox 483 331 533 381; x_wconf 83' lang='lat' dir='ltr'><strong>DE</strong></span> <span class='ocrx_word' id='word_1_3' title='bbox 553 332 710 382; x_wconf 77' lang='lat' dir='ltr'>UNITATE</span> <span class='ocrx_word' id='word_1_4' title='bbox 730 332 934 384; x_wconf 79' lang='lat' dir='ltr'>EOOLESIAE</span> <span class='ocrx_word' id='word_1_5' title='bbox 955 331 1233 384; x_wconf 62' lang='lat' dir='ltr'><strong>conservarint.</strong></span> 
     </span>
    </p>
   </div>
   <div class='ocr_carea' id='block_1_2' title="bbox 285 497 1410 1173">
    <p class='ocr_par' dir='ltr' id='par_1_2' title="bbox 285 497 1410 1173">
     <span class='ocr_line' id='line_1_2' title="bbox 286 497 1410 585; baseline -0.001 -22"><span class='ocrx_word' id='word_1_6' title='bbox 286 497 434 563; x_wconf 86' lang='lat' dir='ltr'><strong>adiuvari</strong></span> <span class='ocrx_word' id='word_1_7' title='bbox 462 499 587 582; x_wconf 90' lang='lat' dir='ltr'><strong>debet¹,</strong></span> <span class='ocrx_word' id='word_1_8' title='bbox 614 501 700 564; x_wconf 91' lang='lat' dir='ltr'><strong>sicut</strong></span> <span class='ocrx_word' id='word_1_9' title='bbox 720 499 806 565; x_wconf 80' lang='lat' dir='ltr'><strong>Leo²</strong></span> <span class='ocrx_word' id='word_1_10' title='bbox 832 521 918 584; x_wconf 90' lang='lat' dir='ltr'><strong>papa</strong></span> <span class='ocrx_word' id='word_1_11' title='bbox 945 498 1046 577; x_wconf 90' lang='lat' dir='ltr'><strong>docet,</strong></span> <span class='ocrx_word' id='word_1_12' title='bbox 1071 500 1146 585; x_wconf 90' lang='lat' dir='ltr'><strong>quia</strong></span> <span class='ocrx_word' id='word_1_13' title='bbox 1166 501 1315 564; x_wconf 88' lang='lat' dir='ltr'><strong>timentes</strong></span> <span class='ocrx_word' id='word_1_14' title='bbox 1338 521 1410 563; x_wconf 88' lang='lat' dir='ltr'><strong>cor-</strong></span> 
     </span>
     <span class='ocr_line' id='line_1_3' title="bbox 311 581 1410 670; baseline 0.002 -24"><span class='ocrx_word' id='word_1_15' title='bbox 311 581 397 646; x_wconf 85' lang='lat' dir='ltr'><strong>orale</strong></span> <span class='ocrx_word' id='word_1_16' title='bbox 425 583 580 647; x_wconf 86' lang='lat' dir='ltr'><strong>iudicium</strong></span> <span class='ocrx_word' id='word_1_17' title='bbox 609 604 841 670; x_wconf 86' lang='lat' dir='ltr'><strong>nonnunquam</strong></span> <span class='ocrx_word' id='word_1_18' title='bbox 869 584 912 648; x_wconf 90' lang='lat' dir='ltr'><strong>ad</strong></span> <span class='ocrx_word' id='word_1_19' title='bbox 939 606 954 648; x_wconf 90' lang='lat' dir='ltr'><strong>s</strong></span> <span class='ocrx_word' id='word_1_20' title='bbox 979 583 1083 648; x_wconf 90' lang='lat' dir='ltr'><strong>iritale</strong></span> <span class='ocrx_word' id='word_1_21' title='bbox 1112 593 1280 648; x_wconf 88' lang='lat' dir='ltr'><strong>recurrunt</strong></span> <span class='ocrx_word' id='word_1_22' title='bbox 1307 605 1410 648; x_wconf 90' lang='lat' dir='ltr'><strong>reme-</strong></span> 
     </span>
     <span class='ocr_line' id='line_1_4' title="bbox 286 605 1408 753; baseline 0.002 -23"><span class='ocrx_word' id='word_1_23' title='bbox 286 605 386 732; x_wconf 75' lang='lat' dir='ltr'><strong>dium.</strong></span> <span class='ocrx_word' id='word_1_24' title='bbox 422 667 488 731; x_wconf 89' lang='lat' dir='ltr'><strong>Sed</strong></span> <span class='ocrx_word' id='word_1_25' title='bbox 509 679 545 732; x_wconf 94' lang='lat' dir='ltr'><strong>ut</strong></span> <span class='ocrx_word' id='word_1_26' title='bbox 565 670 685 753; x_wconf 90' lang='lat' dir='ltr'><strong>passim</strong></span> <span class='ocrx_word' id='word_1_27' title='bbox 709 669 816 732; x_wconf 91' lang='lat' dir='ltr'><strong>omnia</strong></span> <span class='ocrx_word' id='word_1_28' title='bbox 836 665 925 732; x_wconf 87' lang='lat' dir='ltr'><strong>licito</strong></span> <span class='ocrx_word' id='word_1_29' title='bbox 947 606 1036 749; x_wconf 66' lang='lat' dir='ltr'><strong>liant,</strong></span> <span class='ocrx_word' id='word_1_30' title='bbox 1058 669 1121 752; x_wconf 90' lang='lat' dir='ltr'><strong>ipsi</strong></span> <span class='ocrx_word' id='word_1_31' title='bbox 1135 667 1290 734; x_wconf 88' lang='lat' dir='ltr'><strong>adversae</strong></span> <span class='ocrx_word' id='word_1_32' title='bbox 1304 669 1408 753; x_wconf 89' lang='lat' dir='ltr'><strong>partis</strong></span> 
     </span>
     <span class='ocr_line' id='line_1_5' title="bbox 286 751 1409 838; baseline 0 -24"><span class='ocrx_word' id='word_1_33' title='bbox 286 752 431 836; x_wconf 81' lang='lat' dir='ltr'>episcopi</span> <span class='ocrx_word' id='word_1_34' title='bbox 462 753 586 836; x_wconf 85' lang='lat' dir='ltr'><strong>regiam</strong></span> <span class='ocrx_word' id='word_1_35' title='bbox 618 761 821 838; x_wconf 87' lang='lat' dir='ltr'><strong>potestatem,</strong></span> <span class='ocrx_word' id='word_1_36' title='bbox 858 752 956 817; x_wconf 92' lang='lat' dir='ltr'><strong>immo</strong></span> <span class='ocrx_word' id='word_1_37' title='bbox 993 752 1136 816; x_wconf 85' lang='lat' dir='ltr'><strong>divinam</strong></span> <span class='ocrx_word' id='word_1_38' title='bbox 1173 751 1409 816; x_wconf 83' lang='lat' dir='ltr'><strong>ordinationem</strong></span> 
     </span>
     <span class='ocr_line' id='line_1_6' title="bbox 286 834 1407 922; baseline 0.002 -24"><span class='ocrx_word' id='word_1_39' title='bbox 286 846 429 900; x_wconf 89' lang='lat' dir='ltr'><strong>evertere</strong></span> <span class='ocrx_word' id='word_1_40' title='bbox 456 848 581 922; x_wconf 89' lang='lat' dir='ltr'><strong>parant,</strong></span> <span class='ocrx_word' id='word_1_41' title='bbox 609 858 681 901; x_wconf 91' lang='lat' dir='ltr'><strong>cum</strong></span> <span class='ocrx_word' id='word_1_42' title='bbox 711 835 751 901; x_wconf 90' lang='lat' dir='ltr'><strong>de</strong></span> <span class='ocrx_word' id='word_1_43' title='bbox 780 834 829 899; x_wconf 92' lang='lat' dir='ltr'><strong>his</strong></span> <span class='ocrx_word' id='word_1_44' title='bbox 859 858 997 922; x_wconf 92' lang='lat' dir='ltr'><strong>quoque,</strong></span> <span class='ocrx_word' id='word_1_45' title='bbox 1027 839 1083 922; x_wconf 90' lang='lat' dir='ltr'><strong>qui</strong></span> <span class='ocrx_word' id='word_1_46' title='bbox 1108 845 1182 922; x_wconf 91' lang='lat' dir='ltr'><strong>post</strong></span> <span class='ocrx_word' id='word_1_47' title='bbox 1209 836 1407 922; x_wconf 89' lang='lat' dir='ltr'><strong>baptismum</strong></span> 
     </span>
     <span class='ocr_line' id='line_1_7' title="bbox 285 919 1408 1006; baseline 0.001 -24"><span class='ocrx_word' id='word_1_48' title='bbox 285 927 342 983; x_wconf 90' lang='lat' dir='ltr'><strong>aut</strong></span> <span class='ocrx_word' id='word_1_49' title='bbox 367 929 527 984; x_wconf 88' lang='lat' dir='ltr'><strong>tormenta</strong></span> <span class='ocrx_word' id='word_1_50' title='bbox 555 919 623 985; x_wconf 90' lang='lat' dir='ltr'><strong>sola</strong></span> <span class='ocrx_word' id='word_1_51' title='bbox 652 930 864 984; x_wconf 85' lang='lat' dir='ltr'><strong>exercuerunt</strong></span> <span class='ocrx_word' id='word_1_52' title='bbox 893 921 1066 985; x_wconf 88' lang='lat' dir='ltr'><strong>autetiam</strong></span> <span class='ocrx_word' id='word_1_53' title='bbox 1090 919 1260 1006; x_wconf 78' lang='lat' dir='ltr'><strong>capitalem</strong></span> <span class='ocrx_word' id='word_1_54' title='bbox 1282 930 1408 985; x_wconf 88' lang='lat' dir='ltr'><strong>senten·</strong></span> 
     </span>
     <span class='ocr_line' id='line_1_8' title="bbox 285 1003 1407 1091; baseline 0.003 -25"><span class='ocrx_word' id='word_1_55' title='bbox 285 1003 363 1067; x_wconf 89' lang='lat' dir='ltr'><strong>tiam</strong></span> <span class='ocrx_word' id='word_1_56' title='bbox 386 1003 596 1089; x_wconf 89' lang='lat' dir='ltr'><strong>protulerunt,</strong></span> <span class='ocrx_word' id='word_1_57' title='bbox 619 1005 666 1068; x_wconf 88' lang='lat' dir='ltr'><strong>sic</strong></span> <span class='ocrx_word' id='word_1_58' title='bbox 688 1003 798 1069; x_wconf 86' lang='lat' dir='ltr'><strong>scribit</strong></span> <span class='ocrx_word' id='word_1_59' title='bbox 813 1017 942 1070; x_wconf 88' lang='lat' dir='ltr'><strong>sanetus</strong></span> <span class='ocrx_word' id='word_1_60' title='bbox 957 1027 1043 1090; x_wconf 88' lang='lat' dir='ltr'><strong>papa</strong></span> <span class='ocrx_word' id='word_1_61' title='bbox 1057 1005 1264 1069; x_wconf 90' lang='lat' dir='ltr'><strong>Innocentius</strong></span> <span class='ocrx_word' id='word_1_62' title='bbox 1273 1013 1294 1088; x_wconf 81' lang='lat'><strong>³,</strong></span> <span class='ocrx_word' id='word_1_63' title='bbox 1319 1004 1407 1091; x_wconf 92' lang='lat' dir='ltr'><strong>quod</strong></span> 
     </span>
     <span class='ocr_line' id='line_1_9' title="bbox 285 1087 1406 1173; baseline 0.004 -22"><span class='ocrx_word' id='word_1_64' title='bbox 285 1087 326 1151; x_wconf 91' lang='lat' dir='ltr'><strong>de</strong></span> <span class='ocrx_word' id='word_1_65' title='bbox 358 1088 437 1173; x_wconf 91' lang='lat' dir='ltr'><strong>ipsis</strong></span> <span class='ocrx_word' id='word_1_66' title='bbox 470 1087 549 1152; x_wconf 91' lang='lat' dir='ltr'><strong>nihil</strong></span> <span class='ocrx_word' id='word_1_67' title='bbox 580 1087 747 1153; x_wconf 91' lang='lat' dir='ltr'><strong>definitum</strong></span> <span class='ocrx_word' id='word_1_68' title='bbox 781 1089 822 1153; x_wconf 90' lang='lat' dir='ltr'><strong>sit</strong></span> <span class='ocrx_word' id='word_1_69' title='bbox 849 1111 870 1152; x_wconf 89' lang='lat' dir='ltr'><strong>a</strong></span> <span class='ocrx_word' id='word_1_70' title='bbox 895 1090 1081 1154; x_wconf 89' lang='lat' dir='ltr'><strong>maioribus.</strong></span> <span class='ocrx_word' id='word_1_71' title='bbox 1124 1105 1301 1156; x_wconf 77' lang='lat' dir='ltr'><strong>Meminerant</strong></span> <span class='ocrx_word' id='word_1_72' title='bbox 1327 1103 1406 1169; x_wconf 80' lang='lat' dir='ltr'><strong>enim,</strong></span> 
     </span>
    </p>
   </div>
   <div class='ocr_carea' id='block_1_3' title="bbox 284 1171 1406 1402">
    <p class='ocr_par' dir='ltr' id='par_1_3' title="bbox 284 1171 1406 1402">
     <span class='ocr_line' id='line_1_10' title="bbox 284 1171 1406 1257; baseline 0.004 -24"><span class='ocrx_word' id='word_1_73' title='bbox 284 1171 400 1257; x_wconf 82' lang='lat' dir='ltr'><strong>inquit,</strong></span> <span class='ocrx_word' id='word_1_74' title='bbox 414 1206 431 1238; x_wconf 89' lang='lat' dir='ltr'><strong>a</strong></span> <span class='ocrx_word' id='word_1_75' title='bbox 441 1189 498 1240; x_wconf 90' lang='lat' dir='ltr'><strong>Deo</strong></span> <span class='ocrx_word' id='word_1_76' title='bbox 503 1195 647 1254; x_wconf 81' lang='lat' dir='ltr'><strong>potestates</strong></span> <span class='ocrx_word' id='word_1_77' title='bbox 660 1187 802 1254; x_wconf 79' lang='lat' dir='ltr'><strong>horsmisre</strong></span> <span class='ocrx_word' id='word_1_78' title='bbox 815 1204 950 1239; x_wconf 82' lang='lat' dir='ltr'><strong>concessos</strong></span> <span class='ocrx_word' id='word_1_79' title='bbox 960 1193 985 1240; x_wconf 89' lang='lat' dir='ltr'><strong>et</strong></span> <span class='ocrx_word' id='word_1_80' title='bbox 990 1195 1102 1254; x_wconf 82' lang='lat' dir='ltr'><strong>propter</strong></span> <span class='ocrx_word' id='word_1_81' title='bbox 1111 1187 1255 1239; x_wconf 81' lang='lat' dir='ltr'><strong>uindictam</strong></span> <span class='ocrx_word' id='word_1_82' title='bbox 1264 1185 1406 1238; x_wconf 74' lang='lat' dir='ltr'><strong>noxiosam</strong></span> 
     </span>
     <span class='ocr_line' id='line_1_11' title="bbox 284 1259 1405 1328; baseline -0.001 -16"><span class='ocrx_word' id='word_1_83' title='bbox 284 1261 406 1328; x_wconf 68' lang='lat' dir='ltr'><strong>praelim</strong></span> <span class='ocrx_word' id='word_1_84' title='bbox 413 1262 504 1328; x_wconf 82' lang='lat' dir='ltr'><strong>fuisse</strong></span> <span class='ocrx_word' id='word_1_85' title='bbox 515 1261 673 1327; x_wconf 72' lang='lat' dir='ltr'><strong>pernitiosum</strong></span> <span class='ocrx_word' id='word_1_86' title='bbox 686 1267 710 1312; x_wconf 88' lang='lat' dir='ltr'><strong>et</strong></span> <span class='ocrx_word' id='word_1_87' title='bbox 721 1260 775 1311; x_wconf 87' lang='lat' dir='ltr'><strong>Dei</strong></span> <span class='ocrx_word' id='word_1_88' title='bbox 787 1259 936 1312; x_wconf 81' lang='lat' dir='ltr'><strong>ministram</strong></span> <span class='ocrx_word' id='word_1_89' title='bbox 950 1278 1004 1312; x_wconf 82' lang='lat' dir='ltr'><strong>ease</strong></span> <span class='ocrx_word' id='word_1_90' title='bbox 1023 1263 1117 1312; x_wconf 79' lang='lat' dir='ltr'><strong>dotum</strong></span> <span class='ocrx_word' id='word_1_91' title='bbox 1134 1259 1164 1310; x_wconf 88' lang='lat' dir='ltr'><strong>in</strong></span> <span class='ocrx_word' id='word_1_92' title='bbox 1182 1259 1335 1312; x_wconf 78' lang='lat' dir='ltr'><strong>huiusmodi</strong></span> <span class='ocrx_word' id='word_1_93' title='bbox 1347 1260 1405 1311; x_wconf 84' lang='lat' dir='ltr'><strong>vin·</strong></span> 
     </span>
     <span class='ocr_line' id='line_1_12' title="bbox 285 1333 1406 1402; baseline -0.002 -16"><span class='ocrx_word' id='word_1_94' title='bbox 285 1335 376 1386; x_wconf 84' lang='lat' dir='ltr'><strong>dicem.</strong></span> <span class='ocrx_word' id='word_1_95' title='bbox 407 1334 542 1396; x_wconf 77' lang='lat' dir='ltr'><strong>Quomodo</strong></span> <span class='ocrx_word' id='word_1_96' title='bbox 562 1351 622 1402; x_wconf 77' lang='lat' dir='ltr'><strong>erpo</strong></span> <span class='ocrx_word' id='word_1_97' title='bbox 641 1334 862 1400; x_wconf 79' lang='lat' dir='ltr'><strong>reprehenderent</strong></span> <span class='ocrx_word' id='word_1_98' title='bbox 873 1334 990 1400; x_wconf 79' lang='lat' dir='ltr'><strong>foetum,</strong></span> <span class='ocrx_word' id='word_1_99' title='bbox 1010 1335 1081 1400; x_wconf 78' lang='lat' dir='ltr'><strong>qnod</strong></span> <span class='ocrx_word' id='word_1_100' title='bbox 1095 1341 1201 1385; x_wconf 79' lang='lat' dir='ltr'><strong>amatore</strong></span> <span class='ocrx_word' id='word_1_101' title='bbox 1213 1333 1271 1384; x_wconf 90' lang='lat' dir='ltr'><strong>Deo</strong></span> <span class='ocrx_word' id='word_1_102' title='bbox 1285 1333 1406 1387; x_wconf 80' lang='lat' dir='ltr'><strong>riderent</strong></span> 
     </span>
    </p>
   </div>
   <div class='ocr_carea' id='block_1_4' title="bbox 284 1401 1404 1629">
    <p class='ocr_par' dir='ltr' id='par_1_4' title="bbox 284 1401 1404 1629">
     <span class='ocr_line' id='line_1_13' title="bbox 285 1401 1404 1486; baseline -0.002 -18"><span class='ocrx_word' id='word_1_103' title='bbox 285 1433 340 1468; x_wconf 79' lang='lat' dir='ltr'><strong>ease</strong></span> <span class='ocrx_word' id='word_1_104' title='bbox 359 1416 527 1468; x_wconf 73' lang='lat' dir='ltr'><strong>concausam?</strong></span> <span class='ocrx_word' id='word_1_105' title='bbox 554 1415 597 1467; x_wconf 89' lang='lat' dir='ltr'><strong>De</strong></span> <span class='ocrx_word' id='word_1_106' title='bbox 610 1415 652 1466; x_wconf 78' lang='lat' dir='ltr'><strong>nis</strong></span> <span class='ocrx_word' id='word_1_107' title='bbox 665 1433 735 1483; x_wconf 76' lang='lat' dir='ltr'><strong>erpo,</strong></span> <span class='ocrx_word' id='word_1_108' title='bbox 755 1401 869 1486; x_wconf 75' lang='lat' dir='ltr'><strong>lnquit,</strong></span> <span class='ocrx_word' id='word_1_109' title='bbox 891 1424 921 1467; x_wconf 86' lang='lat' dir='ltr'><strong>nt</strong></span> <span class='ocrx_word' id='word_1_110' title='bbox 936 1417 1063 1467; x_wconf 82' lang='lat' dir='ltr'><strong>lroetenns</strong></span> <span class='ocrx_word' id='word_1_111' title='bbox 1079 1425 1212 1466; x_wconf 74' lang='lat' dir='ltr'><strong>amantum</strong></span> <span class='ocrx_word' id='word_1_112' title='bbox 1226 1413 1311 1479; x_wconf 69' lang='lat' dir='ltr'><strong>eripio</strong></span> <span class='ocrx_word' id='word_1_113' title='bbox 1324 1415 1404 1466; x_wconf 79' lang='lat' dir='ltr'><strong>hobe-</strong></span> 
     </span>
     <span class='ocr_line' id='line_1_14' title="bbox 284 1487 1404 1554; baseline 0 -14"><span class='ocrx_word' id='word_1_114' title='bbox 284 1506 350 1550; x_wconf 81' lang='lat' dir='ltr'><strong>mm,</strong></span> <span class='ocrx_word' id='word_1_115' title='bbox 371 1505 404 1540; x_wconf 87' lang='lat' dir='ltr'><strong>ne</strong></span> <span class='ocrx_word' id='word_1_116' title='bbox 423 1495 470 1539; x_wconf 83' lang='lat' dir='ltr'><strong>out</strong></span> <span class='ocrx_word' id='word_1_117' title='bbox 489 1489 658 1554; x_wconf 76' lang='lat' dir='ltr'><strong>disciplinam</strong></span> <span class='ocrx_word' id='word_1_118' title='bbox 677 1496 790 1542; x_wconf 83' lang='lat' dir='ltr'><strong>euertere</strong></span> <span class='ocrx_word' id='word_1_119' title='bbox 810 1498 858 1542; x_wconf 84' lang='lat' dir='ltr'><strong>ont</strong></span> <span class='ocrx_word' id='word_1_120' title='bbox 877 1495 969 1541; x_wconf 84' lang='lat' dir='ltr'><strong>contro</strong></span> <span class='ocrx_word' id='word_1_121' title='bbox 988 1489 1171 1540; x_wconf 71' lang='lat' dir='ltr'><strong>anctoritatem</strong></span> <span class='ocrx_word' id='word_1_122' title='bbox 1185 1488 1297 1540; x_wconf 81' lang='lat' dir='ltr'><strong>Domini</strong></span> <span class='ocrx_word' id='word_1_123' title='bbox 1314 1487 1404 1540; x_wconf 80' lang='lat' dir='ltr'><strong>venire</strong></span> 
     </span>
     <span class='ocr_line' id='line_1_15' title="bbox 284 1560 1404 1629; baseline 0.002 -17"><span class='ocrx_word' id='word_1_124' title='bbox 284 1560 433 1626; x_wconf 83' lang='lat' dir='ltr'><strong>videamur,</strong></span> <span class='ocrx_word' id='word_1_125' title='bbox 446 1561 512 1628; x_wconf 80' lang='lat' dir='ltr'><strong>quio</strong></span> <span class='ocrx_word' id='word_1_126' title='bbox 524 1562 590 1627; x_wconf 66' lang='lat' dir='ltr'><strong>masis</strong></span> <span class='ocrx_word' id='word_1_127' title='bbox 603 1563 632 1613; x_wconf 88' lang='lat' dir='ltr'><strong>in</strong></span> <span class='ocrx_word' id='word_1_128' title='bbox 644 1563 774 1614; x_wconf 85' lang='lat' dir='ltr'><strong>rationem</strong></span> <span class='ocrx_word' id='word_1_129' title='bbox 787 1564 952 1614; x_wconf 78' lang='lat' dir='ltr'><strong>reddendam</strong></span> <span class='ocrx_word' id='word_1_130' title='bbox 963 1569 1039 1629; x_wconf 76' lang='lat' dir='ltr'><strong>pecto</strong></span> <span class='ocrx_word' id='word_1_131' title='bbox 1052 1579 1103 1612; x_wconf 83' lang='lat' dir='ltr'><strong>sua</strong></span> <span class='ocrx_word' id='word_1_132' title='bbox 1115 1561 1205 1612; x_wconf 81' lang='lat' dir='ltr'><strong>omnio</strong></span> <span class='ocrx_word' id='word_1_133' title='bbox 1217 1561 1404 1614; x_wconf 72' lang='lat' dir='ltr'><strong>amabantur.</strong></span> 
     </span>
    </p>
   </div>
   <div class='ocr_carea' id='block_1_5' title="bbox 282 1627 1406 2302">
    <p class='ocr_par' dir='ltr' id='par_1_5' title="bbox 282 1627 1405 1968">
     <span class='ocr_line' id='line_1_16' title="bbox 369 1627 1404 1715; baseline 0.001 -24"><span class='ocrx_word' id='word_1_134' title='bbox 369 1629 420 1692; x_wconf 70' lang='lat'><strong>28.</strong></span> <span class='ocrx_word' id='word_1_135' title='bbox 463 1627 508 1692; x_wconf 81' lang='lat' dir='ltr'><strong>At</strong></span> <span class='ocrx_word' id='word_1_136' title='bbox 536 1641 731 1694; x_wconf 87' lang='lat' dir='ltr'><strong>memoratus</strong></span> <span class='ocrx_word' id='word_1_137' title='bbox 759 1629 812 1694; x_wconf 94' lang='lat' dir='ltr'><strong>ille</strong></span> <span class='ocrx_word' id='word_1_138' title='bbox 844 1630 993 1715; x_wconf 83' lang='lat' dir='ltr'><strong>Hartvig,</strong></span> <span class='ocrx_word' id='word_1_139' title='bbox 1027 1637 1063 1692; x_wconf 92' lang='lat' dir='ltr'><strong>ut</strong></span> <span class='ocrx_word' id='word_1_140' title='bbox 1095 1640 1253 1694; x_wconf 88' lang='lat' dir='ltr'><strong>everteret</strong></span> <span class='ocrx_word' id='word_1_141' title='bbox 1280 1630 1404 1712; x_wconf 84' lang='lat' dir='ltr'><strong>regiam</strong></span> 
     </span>
     <span class='ocr_line' id='line_1_17' title="bbox 283 1712 1404 1798; baseline 0 -22"><span class='ocrx_word' id='word_1_142' title='bbox 283 1720 485 1798; x_wconf 87' lang='lat' dir='ltr'><strong>potestatem,</strong></span> <span class='ocrx_word' id='word_1_143' title='bbox 506 1713 605 1778; x_wconf 90' lang='lat' dir='ltr'><strong>immo</strong></span> <span class='ocrx_word' id='word_1_144' title='bbox 627 1713 770 1778; x_wconf 89' lang='lat' dir='ltr'><strong>divinam</strong></span> <span class='ocrx_word' id='word_1_145' title='bbox 792 1713 1037 1794; x_wconf 83' lang='lat' dir='ltr'><strong>ordinationem,</strong></span> <span class='ocrx_word' id='word_1_146' title='bbox 1059 1712 1208 1778; x_wconf 85' lang='lat' dir='ltr'><strong>militavit</strong></span> <span class='ocrx_word' id='word_1_147' title='bbox 1235 1734 1309 1776; x_wconf 92' lang='lat' dir='ltr'><strong>cum</strong></span> <span class='ocrx_word' id='word_1_148' title='bbox 1336 1713 1404 1776; x_wconf 91' lang='lat' dir='ltr'><strong>suis</strong></span> 
     </span>
     <span class='ocr_line' id='line_1_18' title="bbox 285 1796 1405 1883; baseline 0.002 -25"><span class='ocrx_word' id='word_1_149' title='bbox 285 1797 487 1860; x_wconf 80' lang='lat' dir='ltr'><strong>consortibus</strong></span> <span class='ocrx_word' id='word_1_150' title='bbox 514 1797 675 1882; x_wconf 89' lang='lat' dir='ltr'><strong>episcopis</strong></span> <span class='ocrx_word' id='word_1_151' title='bbox 701 1820 759 1883; x_wconf 88' lang='lat' dir='ltr'><strong>per</strong></span> <span class='ocrx_word' id='word_1_152' title='bbox 785 1797 904 1864; x_wconf 87' lang='lat' dir='ltr'><strong>multas</strong></span> <span class='ocrx_word' id='word_1_153' title='bbox 931 1797 1153 1883; x_wconf 83' lang='lat' dir='ltr'><strong>expeditiones</strong></span> <span class='ocrx_word' id='word_1_154' title='bbox 1180 1807 1292 1862; x_wconf 89' lang='lat' dir='ltr'><strong>contra</strong></span> <span class='ocrx_word' id='word_1_155' title='bbox 1317 1796 1405 1861; x_wconf 89' lang='lat' dir='ltr'><strong>Hen-</strong></span> 
     </span>
     <span class='ocr_line' id='line_1_19' title="bbox 282 1879 1405 1968; baseline 0.001 -24"><span class='ocrx_word' id='word_1_156' title='bbox 282 1879 409 1944; x_wconf 86' lang='lat' dir='ltr'><strong>riehum</strong></span> <span class='ocrx_word' id='word_1_157' title='bbox 437 1901 558 1966; x_wconf 85' lang='lat' dir='ltr'><strong>regem,</strong></span> <span class='ocrx_word' id='word_1_158' title='bbox 588 1902 724 1968; x_wconf 89' lang='lat' dir='ltr'><strong>quarum</strong></span> <span class='ocrx_word' id='word_1_159' title='bbox 753 1881 841 1946; x_wconf 90' lang='lat' dir='ltr'><strong>nulla</strong></span> <span class='ocrx_word' id='word_1_160' title='bbox 869 1884 973 1966; x_wconf 84' lang='lat' dir='ltr'><strong>magis</strong></span> <span class='ocrx_word' id='word_1_161' title='bbox 1002 1880 1043 1945; x_wconf 89' lang='lat' dir='ltr'><strong>ad</strong></span> <span class='ocrx_word' id='word_1_162' title='bbox 1070 1882 1179 1946; x_wconf 91' lang='lat' dir='ltr'><strong>vivum</strong></span> <span class='ocrx_word' id='word_1_163' title='bbox 1210 1903 1268 1946; x_wconf 90' lang='lat' dir='ltr'><strong>nos</strong></span> <span class='ocrx_word' id='word_1_164' title='bbox 1289 1881 1405 1966; x_wconf 84' lang='lat' dir='ltr'><strong>tetigit,</strong></span> 
     </span>
    </p>

    <p class='ocr_par' dir='ltr' id='par_1_6' title="bbox 283 1963 1406 2302">
     <span class='ocr_line' id='line_1_20' title="bbox 307 1963 1404 2052; baseline 0.003 -25"><span class='ocrx_word' id='word_1_165' title='bbox 307 1986 382 2028; x_wconf 88' lang='lat' dir='ltr'><strong>uam</strong></span> <span class='ocrx_word' id='word_1_166' title='bbox 415 1963 478 2046; x_wconf 88' lang='lat' dir='ltr'><strong>illa,</strong></span> <span class='ocrx_word' id='word_1_167' title='bbox 512 1966 639 2052; x_wconf 91' lang='lat' dir='ltr'><strong>quando</strong></span> <span class='ocrx_word' id='word_1_168' title='bbox 672 1966 715 2030; x_wconf 92' lang='lat' dir='ltr'><strong>ad</strong></span> <span class='ocrx_word' id='word_1_169' title='bbox 740 1964 849 2030; x_wconf 91' lang='lat' dir='ltr'><strong>locum</strong></span> <span class='ocrx_word' id='word_1_170' title='bbox 876 1964 1098 2030; x_wconf 89' lang='lat' dir='ltr'><strong>Herosfeldiae</strong></span> <span class='ocrx_word' id='word_1_171' title='bbox 1130 1966 1240 2052; x_wconf 86' lang='lat' dir='ltr'><strong>posuit</strong></span> <span class='ocrx_word' id='word_1_172' title='bbox 1266 1974 1404 2030; x_wconf 62' lang='lat' dir='ltr'><strong>castrat</strong></span> 
     </span>
     <span class='ocr_line' id='line_1_21' title="bbox 285 1986 1406 2135; baseline 0 -21"><span class='ocrx_word' id='word_1_173' title='bbox 285 1986 477 2134; x_wconf 67' lang='lat' dir='ltr'><strong>iperialiter</strong></span> <span class='ocrx_word' id='word_1_174' title='bbox 501 2050 586 2112; x_wconf 92' lang='lat' dir='ltr'><strong>enim</strong></span> <span class='ocrx_word' id='word_1_175' title='bbox 615 2051 686 2135; x_wconf 91' lang='lat' dir='ltr'><strong>ipse</strong></span> <span class='ocrx_word' id='word_1_176' title='bbox 714 2072 791 2134; x_wconf 87' lang='lat' dir='ltr'><strong>prae</strong></span> <span class='ocrx_word' id='word_1_177' title='bbox 813 2051 927 2116; x_wconf 87' lang='lat' dir='ltr'><strong>ceteris</strong></span> <span class='ocrx_word' id='word_1_178' title='bbox 958 2050 1141 2115; x_wconf 85' lang='lat' dir='ltr'><strong>Saxonibus</strong></span> <span class='ocrx_word' id='word_1_179' title='bbox 1168 2049 1242 2114; x_wconf 92' lang='lat' dir='ltr'><strong>odio</strong></span> <span class='ocrx_word' id='word_1_180' title='bbox 1264 2049 1406 2114; x_wconf 89' lang='lat' dir='ltr'><strong>habebat</strong></span> 
     </span>
     <span class='ocr_line' id='line_1_22' title="bbox 285 2131 1404 2220; baseline 0 -24"><span class='ocrx_word' id='word_1_181' title='bbox 285 2131 423 2197; x_wconf 90' lang='lat' dir='ltr'><strong>eundem</strong></span> <span class='ocrx_word' id='word_1_182' title='bbox 455 2133 563 2197; x_wconf 90' lang='lat' dir='ltr'><strong>locum</strong></span> <span class='ocrx_word' id='word_1_183' title='bbox 596 2133 828 2216; x_wconf 87' lang='lat' dir='ltr'><strong>Herosfeldiee,</strong></span> <span class='ocrx_word' id='word_1_184' title='bbox 860 2133 999 2220; x_wconf 90' lang='lat' dir='ltr'><strong>ideoque</strong></span> <span class='ocrx_word' id='word_1_185' title='bbox 1032 2134 1193 2205; x_wconf 85' lang='lat' dir='ltr'><strong>civitatem</strong></span> <span class='ocrx_word' id='word_1_186' title='bbox 1229 2143 1261 2198; x_wconf 92' lang='lat' dir='ltr'><strong>et</strong></span> <span class='ocrx_word' id='word_1_187' title='bbox 1293 2143 1404 2198; x_wconf 89' lang='lat' dir='ltr'><strong>sancta</strong></span> 
     </span>
     <span class='ocr_line' id='line_1_23' title="bbox 283 2215 1405 2302; baseline 0 -21"><span class='ocrx_word' id='word_1_188' title='bbox 283 2226 411 2281; x_wconf 86' lang='lat' dir='ltr'><strong>nostra⁵</strong></span> <span class='ocrx_word' id='word_1_189' title='bbox 434 2217 607 2302; x_wconf 88' lang='lat' dir='ltr'><strong>quaerebat</strong></span> <span class='ocrx_word' id='word_1_190' title='bbox 629 2218 777 2282; x_wconf 89' lang='lat' dir='ltr'><strong>omnibus</strong></span> <span class='ocrx_word' id='word_1_191' title='bbox 798 2217 902 2282; x_wconf 91' lang='lat' dir='ltr'><strong>modis</strong></span> <span class='ocrx_word' id='word_1_192' title='bbox 917 2217 1094 2302; x_wconf 73' lang='lat' dir='ltr'><strong>destruere,</strong></span> <span class='ocrx_word' id='word_1_193' title='bbox 1117 2240 1191 2281; x_wconf 91' lang='lat' dir='ltr'><strong>nam</strong></span> <span class='ocrx_word' id='word_1_194' title='bbox 1205 2215 1306 2282; x_wconf 88' lang='lat' dir='ltr'><strong>abbas</strong></span> <span class='ocrx_word' id='word_1_195' title='bbox 1322 2219 1405 2282; x_wconf 91' lang='lat' dir='ltr'><strong>eius-</strong></span> 
     </span>
    </p>
   </div>
   <div class='ocr_carea' id='block_1_6' title="bbox 150 2299 1403 2387">
    <p class='ocr_par' dir='ltr' id='par_1_7' title="bbox 150 2299 1403 2387">
     <span class='ocr_line' id='line_1_24' title="bbox 150 2299 1403 2387; baseline -0.001 -21"><span class='ocrx_word' id='word_1_196' title='bbox 150 2359 154 2366; x_wconf 94' lang='lat'><em>.</em></span> <span class='ocrx_word' id='word_1_197' title='bbox 222 2333 224 2338; x_wconf 15' lang='grc' dir='ltr'>κ</span> <span class='ocrx_word' id='word_1_198' title='bbox 284 2301 357 2365; x_wconf 90' lang='lat' dir='ltr'><strong>dem</strong></span> <span class='ocrx_word' id='word_1_199' title='bbox 379 2299 451 2380; x_wconf 90' lang='lat' dir='ltr'><strong>loci,</strong></span> <span class='ocrx_word' id='word_1_200' title='bbox 473 2301 579 2366; x_wconf 89' lang='lat' dir='ltr'><strong>dictus</strong></span> <span class='ocrx_word' id='word_1_201' title='bbox 602 2322 730 2387; x_wconf 89' lang='lat' dir='ltr'><strong>quoque</strong></span> <span class='ocrx_word' id='word_1_202' title='bbox 758 2311 790 2366; x_wconf 90' lang='lat' dir='ltr'><strong>et</strong></span> <span class='ocrx_word' id='word_1_203' title='bbox 817 2303 888 2387; x_wconf 91' lang='lat' dir='ltr'><strong>ipse</strong></span> <span class='ocrx_word' id='word_1_204' title='bbox 911 2302 1101 2386; x_wconf 87' lang='lat' dir='ltr'><strong>Hartvigus,</strong></span> <span class='ocrx_word' id='word_1_205' title='bbox 1130 2311 1330 2367; x_wconf 84' lang='lat' dir='ltr'><strong>successerat</strong></span> <span class='ocrx_word' id='word_1_206' title='bbox 1356 2300 1403 2366; x_wconf 93' lang='lat' dir='ltr'><strong>illi</strong></span> 
     </span>
    </p>
   </div>
   <div class='ocr_carea' id='block_1_7' title="bbox 282 2383 1405 2818">
    <p class='ocr_par' dir='ltr' id='par_1_8' title="bbox 282 2383 1405 2818">
     <span class='ocr_line' id='line_1_25' title="bbox 284 2383 1405 2474; baseline 0.002 -26"><span class='ocrx_word' id='word_1_207' title='bbox 284 2383 435 2448; x_wconf 89' lang='lat' dir='ltr'><strong>damnato</strong></span> <span class='ocrx_word' id='word_1_208' title='bbox 458 2394 490 2449; x_wconf 88' lang='lat' dir='ltr'><strong>et</strong></span> <span class='ocrx_word' id='word_1_209' title='bbox 511 2384 657 2469; x_wconf 87' lang='lat' dir='ltr'><strong>deposito</strong></span> <span class='ocrx_word' id='word_1_210' title='bbox 679 2387 713 2448; x_wconf 93' lang='lat' dir='ltr'><strong>in</strong></span> <span class='ocrx_word' id='word_1_211' title='bbox 733 2386 955 2474; x_wconf 87' lang='lat' dir='ltr'><strong>episcopatum</strong></span> <span class='ocrx_word' id='word_1_212' title='bbox 971 2385 1283 2472; x_wconf 87' lang='lat' dir='ltr'><strong>Magadaburgensis</strong></span> <span class='ocrx_word' id='word_1_213' title='bbox 1306 2384 1405 2450; x_wconf 90' lang='lat' dir='ltr'><strong>eccle-</strong></span> 
     </span>
     <span class='ocr_line' id='line_1_26' title="bbox 284 2468 1404 2556; baseline 0.002 -26"><span class='ocrx_word' id='word_1_214' title='bbox 284 2468 359 2547; x_wconf 88' lang='lat' dir='ltr'><strong>siae,</strong></span> <span class='ocrx_word' id='word_1_215' title='bbox 381 2469 573 2554; x_wconf 85' lang='lat' dir='ltr'><strong>imperatore</strong></span> <span class='ocrx_word' id='word_1_216' title='bbox 596 2479 628 2533; x_wconf 87' lang='lat' dir='ltr'><strong>et</strong></span> <span class='ocrx_word' id='word_1_217' title='bbox 643 2471 757 2534; x_wconf 87' lang='lat' dir='ltr'><strong>ceteris</strong></span> <span class='ocrx_word' id='word_1_218' title='bbox 779 2469 982 2556; x_wconf 89' lang='lat' dir='ltr'><strong>principibus</strong></span> <span class='ocrx_word' id='word_1_219' title='bbox 1005 2471 1100 2554; x_wconf 87' lang='lat' dir='ltr'><strong>regni</strong></span> <span class='ocrx_word' id='word_1_220' title='bbox 1120 2469 1292 2555; x_wconf 89' lang='lat' dir='ltr'><strong>plurimum</strong></span> <span class='ocrx_word' id='word_1_221' title='bbox 1315 2469 1404 2534; x_wconf 88' lang='lat' dir='ltr'><strong>anni·</strong></span> 
     </span>
     <span class='ocr_line' id='line_1_27' title="bbox 282 2550 1405 2640; baseline 0.002 -25"><span class='ocrx_word' id='word_1_222' title='bbox 282 2550 423 2616; x_wconf 89' lang='lat' dir='ltr'><strong>tentibus</strong></span> <span class='ocrx_word' id='word_1_223' title='bbox 445 2574 543 2638; x_wconf 89' lang='lat' dir='ltr'><strong>super</strong></span> <span class='ocrx_word' id='word_1_224' title='bbox 564 2551 718 2618; x_wconf 86' lang='lat' dir='ltr'><strong>electione</strong></span> <span class='ocrx_word' id='word_1_225' title='bbox 741 2555 811 2619; x_wconf 90' lang='lat' dir='ltr'><strong>eius</strong></span> <span class='ocrx_word' id='word_1_226' title='bbox 829 2567 861 2620; x_wconf 90' lang='lat' dir='ltr'><strong>et</strong></span> <span class='ocrx_word' id='word_1_227' title='bbox 876 2553 1087 2636; x_wconf 86' lang='lat' dir='ltr'><strong>ordinatione,</strong></span> <span class='ocrx_word' id='word_1_228' title='bbox 1110 2555 1261 2640; x_wconf 89' lang='lat' dir='ltr'><strong>quoniam</strong></span> <span class='ocrx_word' id='word_1_229' title='bbox 1276 2563 1405 2640; x_wconf 88' lang='lat' dir='ltr'><strong>praeter</strong></span> 
     </span>
     <span class='ocr_line' id='line_1_28' title="bbox 282 2635 1403 2722; baseline 0.004 -24"><span class='ocrx_word' id='word_1_230' title='bbox 282 2635 326 2717; x_wconf 92' lang='lat' dir='ltr'><strong>id,</strong></span> <span class='ocrx_word' id='word_1_231' title='bbox 357 2635 443 2722; x_wconf 91' lang='lat' dir='ltr'><strong>quod</strong></span> <span class='ocrx_word' id='word_1_232' title='bbox 472 2636 618 2722; x_wconf 90' lang='lat' dir='ltr'><strong>adprime</strong></span> <span class='ocrx_word' id='word_1_233' title='bbox 645 2638 823 2703; x_wconf 88' lang='lat' dir='ltr'><strong>instructus</strong></span> <span class='ocrx_word' id='word_1_234' title='bbox 851 2647 884 2704; x_wconf 90' lang='lat' dir='ltr'><strong>et</strong></span> <span class='ocrx_word' id='word_1_235' title='bbox 904 2637 1049 2704; x_wconf 89' lang='lat' dir='ltr'><strong>eruditus</strong></span> <span class='ocrx_word' id='word_1_236' title='bbox 1072 2645 1120 2704; x_wconf 90' lang='lat' dir='ltr'><strong>est</strong></span> <span class='ocrx_word' id='word_1_237' title='bbox 1140 2648 1205 2703; x_wconf 91' lang='lat' dir='ltr'><strong>tam</strong></span> <span class='ocrx_word' id='word_1_238' title='bbox 1228 2636 1403 2703; x_wconf 89' lang='lat' dir='ltr'><strong>moralibus</strong></span> 
     </span>
     <span class='ocr_line' id='line_1_29' title="bbox 284 2719 1404 2818; baseline 0.004 -36"><span class='ocrx_word' id='word_1_239' title='bbox 284 2719 464 2818; x_wconf 78' lang='lat' dir='ltr'><strong>disciplinis</strong></span> <span class='ocrx_word' id='word_1_240' title='bbox 494 2743 588 2807; x_wconf 87' lang='lat' dir='ltr'><strong>quarn</strong></span> <span class='ocrx_word' id='word_1_241' title='bbox 619 2723 719 2786; x_wconf 90' lang='lat' dir='ltr'><strong>sacris</strong></span> <span class='ocrx_word' id='word_1_242' title='bbox 748 2723 924 2810; x_wconf 87' lang='lat' dir='ltr'><strong>scripturis,</strong></span> <span class='ocrx_word' id='word_1_243' title='bbox 954 2723 989 2788; x_wconf 92' lang='lat' dir='ltr'><strong>in</strong></span> <span class='ocrx_word' id='word_1_244' title='bbox 1011 2721 1072 2786; x_wconf 91' lang='lat' dir='ltr'><strong>hoc</strong></span> <span class='ocrx_word' id='word_1_245' title='bbox 1094 2744 1223 2809; x_wconf 89' lang='lat' dir='ltr'><strong>quoque</strong></span> <span class='ocrx_word' id='word_1_246' title='bbox 1244 2723 1315 2807; x_wconf 93' lang='lat' dir='ltr'><strong>ipse</strong></span> <span class='ocrx_word' id='word_1_247' title='bbox 1338 2721 1404 2808; x_wconf 88' lang='lat' dir='ltr'><strong>pla-</strong></span> 
     </span>
    </p>
   </div>
   <div class='ocr_carea' id='block_1_8' title="bbox 178 2805 1403 2904">
    <p class='ocr_par' dir='ltr' id='par_1_9' title="bbox 178 2805 1403 2904">
     <span class='ocr_line' id='line_1_30' title="bbox 178 2805 1403 2904; baseline 0.003 -38"><span class='ocrx_word' id='word_1_248' title='bbox 178 2837 181 2842; x_wconf 92' lang='lat'>·</span> <span class='ocrx_word' id='word_1_249' title='bbox 283 2814 394 2868; x_wconf 86' lang='lat' dir='ltr'><strong>onerat</strong></span> <span class='ocrx_word' id='word_1_250' title='bbox 415 2825 465 2887; x_wconf 86' lang='lat' dir='ltr'><strong>us,</strong></span> <span class='ocrx_word' id='word_1_251' title='bbox 488 2806 565 2904; x_wconf 73' lang='lat' dir='ltr'><strong>quia</strong></span> <span class='ocrx_word' id='word_1_252' title='bbox 586 2805 630 2888; x_wconf 92' lang='lat' dir='ltr'><strong>id,</strong></span> <span class='ocrx_word' id='word_1_253' title='bbox 654 2806 741 2892; x_wconf 89' lang='lat' dir='ltr'><strong>quod</strong></span> <span class='ocrx_word' id='word_1_254' title='bbox 762 2807 938 2892; x_wconf 89' lang='lat' dir='ltr'><strong>imperator</strong></span> <span class='ocrx_word' id='word_1_255' title='bbox 958 2829 1024 2870; x_wconf 93' lang='lat' dir='ltr'><strong>non</strong></span> <span class='ocrx_word' id='word_1_256' title='bbox 1045 2807 1151 2893; x_wconf 90' lang='lat' dir='ltr'><strong>potuit</strong></span> <span class='ocrx_word' id='word_1_257' title='bbox 1178 2806 1305 2870; x_wconf 89' lang='lat' dir='ltr'><strong>efficere</strong></span> <span class='ocrx_word' id='word_1_258' title='bbox 1327 2808 1403 2870; x_wconf 87' lang='lat' dir='ltr'><strong>totis</strong></span> 
     </span>
    </p>
   </div>
   <div class='ocr_carea' id='block_1_9' title="bbox 282 2887 1405 3482">
    <p class='ocr_par' dir='ltr' id='par_1_10' title="bbox 282 2887 1405 3482">
     <span class='ocr_line' id='line_1_31' title="bbox 282 2887 1404 2976; baseline 0.003 -25"><span class='ocrx_word' id='word_1_259' title='bbox 282 2887 406 2952; x_wconf 88' lang='lat' dir='ltr'><strong>viribus</strong></span> <span class='ocrx_word' id='word_1_260' title='bbox 422 2911 523 2973; x_wconf 78' lang='lat' dir='ltr'><strong>regni,</strong></span> <span class='ocrx_word' id='word_1_261' title='bbox 545 2888 607 2954; x_wconf 92' lang='lat' dir='ltr'><strong>hoc</strong></span> <span class='ocrx_word' id='word_1_262' title='bbox 621 2891 692 2975; x_wconf 92' lang='lat' dir='ltr'><strong>ipse</strong></span> <span class='ocrx_word' id='word_1_263' title='bbox 706 2891 841 2976; x_wconf 86' lang='lat' dir='ltr'><strong>perfecit</strong></span> <span class='ocrx_word' id='word_1_264' title='bbox 855 2913 897 2955; x_wconf 85' lang='lat' dir='ltr'><strong>ex</strong></span> <span class='ocrx_word' id='word_1_265' title='bbox 911 2891 1069 2956; x_wconf 88' lang='lat' dir='ltr'><strong>industria</strong></span> <span class='ocrx_word' id='word_1_266' title='bbox 1083 2892 1235 2976; x_wconf 86' lang='lat' dir='ltr'><strong>sapientis</strong></span> <span class='ocrx_word' id='word_1_267' title='bbox 1250 2891 1372 2976; x_wconf 86' lang='lat' dir='ltr'><strong>ingenii</strong></span> <span class='ocrx_word' id='word_1_268' title='bbox 1381 2902 1404 2973; x_wconf 79' lang='lat'><strong>⁰,</strong></span> 
     </span>
     <span class='ocr_line' id='line_1_32' title="bbox 283 2969 1405 3060; baseline 0.005 -26"><span class='ocrx_word' id='word_1_269' title='bbox 283 2969 406 3036; x_wconf 89' lang='lat' dir='ltr'><strong>scilicet</strong></span> <span class='ocrx_word' id='word_1_270' title='bbox 435 2983 471 3036; x_wconf 92' lang='lat' dir='ltr'><strong>ut</strong></span> <span class='ocrx_word' id='word_1_271' title='bbox 500 2972 698 3039; x_wconf 88' lang='lat' dir='ltr'><strong>divideretur</strong></span> <span class='ocrx_word' id='word_1_272' title='bbox 724 2977 830 3039; x_wconf 89' lang='lat' dir='ltr'><strong>unitas</strong></span> <span class='ocrx_word' id='word_1_273' title='bbox 855 2996 1089 3060; x_wconf 87' lang='lat' dir='ltr'><strong>perversorum,</strong></span> <span class='ocrx_word' id='word_1_274' title='bbox 1113 2995 1187 3039; x_wconf 89' lang='lat' dir='ltr'><strong>cum</strong></span> <span class='ocrx_word' id='word_1_275' title='bbox 1209 2996 1273 3038; x_wconf 90' lang='lat' dir='ltr'><strong>non</strong></span> <span class='ocrx_word' id='word_1_276' title='bbox 1296 2983 1405 3060; x_wconf 87' lang='lat' dir='ltr'><strong>posset</strong></span> 
     </span>
     <span class='ocr_line' id='line_1_33' title="bbox 282 3055 1404 3141; baseline 0.004 -23"><span class='ocrx_word' id='word_1_277' title='bbox 282 3077 342 3140; x_wconf 88' lang='lat' dir='ltr'><strong>per</strong></span> <span class='ocrx_word' id='word_1_278' title='bbox 368 3055 571 3141; x_wconf 88' lang='lat' dir='ltr'><strong>disciplinam</strong></span> <span class='ocrx_word' id='word_1_279' title='bbox 598 3059 645 3122; x_wconf 90' lang='lat' dir='ltr'><strong>rei</strong></span> <span class='ocrx_word' id='word_1_280' title='bbox 672 3057 819 3124; x_wconf 90' lang='lat' dir='ltr'><strong>militaris</strong></span> <span class='ocrx_word' id='word_1_281' title='bbox 848 3057 983 3122; x_wconf 88' lang='lat' dir='ltr'><strong>emolliri</strong></span> <span class='ocrx_word' id='word_1_282' title='bbox 1012 3059 1131 3124; x_wconf 89' lang='lat' dir='ltr'><strong>duritia</strong></span> <span class='ocrx_word' id='word_1_283' title='bbox 1157 3059 1325 3124; x_wconf 85' lang='lat' dir='ltr'><strong>Saxonum</strong></span> <span class='ocrx_word' id='word_1_284' title='bbox 1351 3057 1404 3124; x_wconf 88' lang='lat' dir='ltr'><strong>vel</strong></span> 
     </span>
     <span class='ocr_line' id='line_1_34' title="bbox 282 3139 1403 3228; baseline 0.005 -26"><span class='ocrx_word' id='word_1_285' title='bbox 282 3139 423 3203; x_wconf 88' lang='lat' dir='ltr'><strong>rescindi</strong></span> <span class='ocrx_word' id='word_1_286' title='bbox 457 3141 595 3205; x_wconf 89' lang='lat' dir='ltr'><strong>societas</strong></span> <span class='ocrx_word' id='word_1_287' title='bbox 629 3141 878 3228; x_wconf 81' lang='lat' dir='ltr'><strong>Thuringorum.</strong></span> <span class='ocrx_word' id='word_1_288' title='bbox 924 3141 1016 3207; x_wconf 85' lang='lat' dir='ltr'><strong>Sicut</strong></span> <span class='ocrx_word' id='word_1_289' title='bbox 1048 3145 1134 3207; x_wconf 92' lang='lat' dir='ltr'><strong>enim</strong></span> <span class='ocrx_word' id='word_1_290' title='bbox 1166 3165 1236 3208; x_wconf 90' lang='lat' dir='ltr'><strong>esse</strong></span> <span class='ocrx_word' id='word_1_291' title='bbox 1268 3143 1403 3208; x_wconf 86' lang='lat' dir='ltr'><strong>noxium</strong></span> 
     </span>
     <span class='ocr_line' id='line_1_35' title="bbox 283 3221 1405 3312; baseline 0.004 -25"><span class='ocrx_word' id='word_1_292' title='bbox 283 3221 373 3306; x_wconf 89' lang='lat' dir='ltr'><strong>solet,</strong></span> <span class='ocrx_word' id='word_1_293' title='bbox 395 3225 422 3286; x_wconf 92' lang='lat' dir='ltr'><strong>si</strong></span> <span class='ocrx_word' id='word_1_294' title='bbox 443 3225 550 3288; x_wconf 88' lang='lat' dir='ltr'><strong>unitas</strong></span> <span class='ocrx_word' id='word_1_295' title='bbox 571 3225 654 3290; x_wconf 88' lang='lat' dir='ltr'><strong>desit</strong></span> <span class='ocrx_word' id='word_1_296' title='bbox 674 3226 778 3310; x_wconf 89' lang='lat' dir='ltr'><strong>bonis,</strong></span> <span class='ocrx_word' id='word_1_297' title='bbox 799 3229 846 3293; x_wconf 88' lang='lat' dir='ltr'><strong>ita</strong></span> <span class='ocrx_word' id='word_1_298' title='bbox 867 3227 1082 3312; x_wconf 86' lang='lat' dir='ltr'><strong>perniciosum</strong></span> <span class='ocrx_word' id='word_1_299' title='bbox 1105 3235 1163 3310; x_wconf 88' lang='lat' dir='ltr'><strong>est,</strong></span> <span class='ocrx_word' id='word_1_300' title='bbox 1185 3228 1299 3292; x_wconf 85' lang='lat' dir='ltr'><strong>sinon</strong></span> <span class='ocrx_word' id='word_1_301' title='bbox 1320 3226 1405 3292; x_wconf 87' lang='lat' dir='ltr'><strong>desit</strong></span> 
     </span>
     <span class='ocr_line' id='line_1_36' title="bbox 282 3305 1405 3396; baseline 0.005 -26"><span class='ocrx_word' id='word_1_302' title='bbox 282 3305 385 3372; x_wconf 89' lang='lat' dir='ltr'><strong>malis.</strong></span> <span class='ocrx_word' id='word_1_303' title='bbox 428 3309 601 3374; x_wconf 88' lang='lat' dir='ltr'><strong>Perversos</strong></span> <span class='ocrx_word' id='word_1_304' title='bbox 624 3311 745 3396; x_wconf 91' lang='lat' dir='ltr'><strong>quippe</strong></span> <span class='ocrx_word' id='word_1_305' title='bbox 766 3311 872 3375; x_wconf 87' lang='lat' dir='ltr'><strong>unitas</strong></span> <span class='ocrx_word' id='word_1_306' title='bbox 895 3311 1090 3393; x_wconf 87' lang='lat' dir='ltr'><strong>corroborat,</strong></span> <span class='ocrx_word' id='word_1_307' title='bbox 1119 3311 1196 3375; x_wconf 91' lang='lat' dir='ltr'><strong>dum</strong></span> <span class='ocrx_word' id='word_1_308' title='bbox 1218 3311 1405 3393; x_wconf 88' lang='lat' dir='ltr'><strong>concordat,</strong></span> 
     </span>
     <span class='ocr_line' id='line_1_37' title="bbox 283 3393 1404 3482; baseline 0.006 -27"><span class='ocrx_word' id='word_1_309' title='bbox 283 3401 315 3456; x_wconf 89' lang='lat' dir='ltr'><strong>et</strong></span> <span class='ocrx_word' id='word_1_310' title='bbox 335 3401 423 3458; x_wconf 86' lang='lat' dir='ltr'><strong>tanto</strong></span> <span class='ocrx_word' id='word_1_311' title='bbox 445 3393 549 3478; x_wconf 85' lang='lat' dir='ltr'><strong>magis</strong></span> <span class='ocrx_word' id='word_1_312' title='bbox 577 3394 824 3480; x_wconf 88' lang='lat' dir='ltr'><strong>incorrigibiles,</strong></span> <span class='ocrx_word' id='word_1_313' title='bbox 848 3405 967 3482; x_wconf 89' lang='lat' dir='ltr'><strong>quanto</strong></span> <span class='ocrx_word' id='word_1_314' title='bbox 990 3397 1158 3460; x_wconf 90' lang='lat' dir='ltr'><strong>unanimes</strong></span> <span class='ocrx_word' id='word_1_315' title='bbox 1179 3395 1266 3461; x_wconf 87' lang='lat' dir='ltr'><strong>facit.</strong></span> <span class='ocrx_word' id='word_1_316' title='bbox 1309 3396 1404 3462; x_wconf 89' lang='lat' dir='ltr'><strong>Unde</strong></span> 
     </span>
    </p>
   </div>
   <div class='ocr_carea' id='block_1_10' title="bbox 280 3544 1404 4424">
    <p class='ocr_par' dir='ltr' id='par_1_11' title="bbox 280 3544 1404 4424">
     <span class='ocr_line' id='line_1_38' title="bbox 285 3544 1403 3618; baseline 0.007 -24"><span class='ocrx_word' id='word_1_317' title='bbox 285 3544 313 3612; x_wconf 89' lang='lat'><strong>1)</strong></span> <span class='ocrx_word' id='word_1_318' title='bbox 339 3547 390 3597; x_wconf 88' lang='lat' dir='ltr'><strong>His</strong></span> <span class='ocrx_word' id='word_1_319' title='bbox 414 3547 502 3598; x_wconf 86' lang='lat' dir='ltr'><strong>verbis</strong></span> <span class='ocrx_word' id='word_1_320' title='bbox 527 3549 636 3598; x_wconf 86' lang='lat' dir='ltr'><strong>nimiam</strong></span> <span class='ocrx_word' id='word_1_321' title='bbox 661 3547 856 3612; x_wconf 85' lang='lat' dir='ltr'><strong>indulgentiam</strong></span> <span class='ocrx_word' id='word_1_322' title='bbox 877 3553 904 3599; x_wconf 88' lang='lat' dir='ltr'><strong>et</strong></span> <span class='ocrx_word' id='word_1_323' title='bbox 922 3548 1063 3602; x_wconf 83' lang='lat' dir='ltr'><strong>lenitatem</strong></span> <span class='ocrx_word' id='word_1_324' title='bbox 1083 3551 1252 3618; x_wconf 81' lang='lat' dir='ltr'><strong>imperatoris</strong></span> <span class='ocrx_word' id='word_1_325' title='bbox 1272 3567 1337 3616; x_wconf 85' lang='lat' dir='ltr'><strong>erga</strong></span> <span class='ocrx_word' id='word_1_326' title='bbox 1356 3567 1403 3602; x_wconf 85' lang='lat' dir='ltr'><strong>eos</strong></span> 
     </span>
     <span class='ocr_line' id='line_1_39' title="bbox 284 3621 1402 3690; baseline 0.004 -21"><span class='ocrx_word' id='word_1_327' title='bbox 284 3621 433 3687; x_wconf 82' lang='lat' dir='ltr'><strong>episcopos,</strong></span> <span class='ocrx_word' id='word_1_328' title='bbox 456 3621 501 3685; x_wconf 88' lang='lat' dir='ltr'><strong>qui</strong></span> <span class='ocrx_word' id='word_1_329' title='bbox 520 3621 623 3685; x_wconf 84' lang='lat' dir='ltr'><strong>synodo</strong></span> <span class='ocrx_word' id='word_1_330' title='bbox 642 3622 802 3686; x_wconf 79' lang='lat' dir='ltr'><strong>Mogontina</strong></span> <span class='ocrx_word' id='word_1_331' title='bbox 822 3621 941 3672; x_wconf 83' lang='lat' dir='ltr'><strong>damnati</strong></span> <span class='ocrx_word' id='word_1_332' title='bbox 961 3629 1043 3685; x_wconf 84' lang='lat' dir='ltr'><strong>erant,</strong></span> <span class='ocrx_word' id='word_1_333' title='bbox 1065 3624 1244 3690; x_wconf 87' lang='lat' dir='ltr'><strong>reprehendit.</strong></span> <span class='ocrx_word' id='word_1_334' title='bbox 1311 3621 1340 3690; x_wconf 80' lang='lat'><strong>2)</strong></span> <span class='ocrx_word' id='word_1_335' title='bbox 1361 3623 1402 3674; x_wconf 79' lang='lat' dir='ltr'><strong>ef.</strong></span> 
     </span>
     <span class='ocr_line' id='line_1_40' title="bbox 282 3692 1401 3761; baseline 0.004 -20"><span class='ocrx_word' id='word_1_336' title='bbox 282 3693 366 3742; x_wconf 83' lang='lat' dir='ltr'><strong>verba</strong></span> <span class='ocrx_word' id='word_1_337' title='bbox 379 3693 493 3742; x_wconf 84' lang='lat' dir='ltr'><strong>Leonis:</strong></span> <span class='ocrx_word' id='word_1_338' title='bbox 517 3692 610 3745; x_wconf 86' lang='lat' dir='ltr'><strong>Omnes</strong></span> <span class='ocrx_word' id='word_1_339' title='bbox 622 3711 665 3745; x_wconf 82' lang='lat' dir='ltr'><strong>res</strong></span> <span class='ocrx_word' id='word_1_340' title='bbox 678 3701 751 3744; x_wconf 83' lang='lat' dir='ltr'><strong>tntae</strong></span> <span class='ocrx_word' id='word_1_341' title='bbox 764 3711 818 3745; x_wconf 85' lang='lat' dir='ltr'><strong>esse</strong></span> <span class='ocrx_word' id='word_1_342' title='bbox 837 3711 890 3745; x_wconf 87' lang='lat' dir='ltr'><strong>aon</strong></span> <span class='ocrx_word' id='word_1_343' title='bbox 898 3705 1014 3761; x_wconf 82' lang='lat' dir='ltr'><strong>possunt</strong></span> <span class='ocrx_word' id='word_1_344' title='bbox 1033 3702 1084 3748; x_wconf 89' lang='lat' dir='ltr'><strong>etc.</strong></span> <span class='ocrx_word' id='word_1_345' title='bbox 1105 3697 1123 3748; x_wconf 92' lang='lat' dir='ltr'><strong>l.</strong></span> <span class='ocrx_word' id='word_1_346' title='bbox 1135 3697 1158 3760; x_wconf 88' lang='lat'><strong>1,</strong></span> <span class='ocrx_word' id='word_1_347' title='bbox 1173 3713 1197 3748; x_wconf 89' lang='lat' dir='ltr'><strong>c.</strong></span> <span class='ocrx_word' id='word_1_348' title='bbox 1207 3697 1233 3747; x_wconf 85' lang='lat'><strong>3.</strong></span> <span class='ocrx_word' id='word_1_349' title='bbox 1285 3694 1314 3760; x_wconf 85' lang='lat'><strong>3)</strong></span> <span class='ocrx_word' id='word_1_350' title='bbox 1333 3696 1401 3746; x_wconf 91' lang='lat' dir='ltr'><strong>Hin-</strong></span> 
     </span>
     <span class='ocr_line' id='line_1_41' title="bbox 280 3764 1403 3834; baseline 0.004 -18"><span class='ocrx_word' id='word_1_351' title='bbox 280 3764 373 3816; x_wconf 89' lang='lat' dir='ltr'><strong>schius</strong></span> <span class='ocrx_word' id='word_1_352' title='bbox 401 3783 425 3830; x_wconf 91' lang='lat' dir='ltr'><strong>p.</strong></span> <span class='ocrx_word' id='word_1_353' title='bbox 446 3766 509 3816; x_wconf 80' lang='lat'><strong>531.</strong></span> <span class='ocrx_word' id='word_1_354' title='bbox 584 3765 613 3832; x_wconf 89' lang='lat'><strong>4)</strong></span> <span class='ocrx_word' id='word_1_355' title='bbox 633 3768 725 3818; x_wconf 89' lang='lat' dir='ltr'><strong>Mense</strong></span> <span class='ocrx_word' id='word_1_356' title='bbox 745 3768 867 3832; x_wconf 74' lang='lat' dir='ltr'><strong>Augusto</strong></span> <span class='ocrx_word' id='word_1_357' title='bbox 891 3785 915 3820; x_wconf 86' lang='lat' dir='ltr'><strong>a.</strong></span> <span class='ocrx_word' id='word_1_358' title='bbox 937 3770 1023 3820; x_wconf 81' lang='lat'>1086:</span> <span class='ocrx_word' id='word_1_359' title='bbox 1047 3769 1160 3832; x_wconf 77' lang='lat' dir='ltr'><strong>Quando</strong></span> <span class='ocrx_word' id='word_1_360' title='bbox 1175 3774 1355 3834; x_wconf 79' lang='lat' dir='ltr'><strong>perrenerunt</strong></span> <span class='ocrx_word' id='word_1_361' title='bbox 1372 3765 1403 3820; x_wconf 82' lang='lat' dir='ltr'><strong>in</strong></span> 
     </span>
     <span class='ocr_line' id='line_1_42' title="bbox 281 3837 1402 3910; baseline 0.004 -21"><span class='ocrx_word' id='word_1_362' title='bbox 281 3837 437 3890; x_wconf 80' lang='lat' dir='ltr'><strong>orientalem</strong></span> <span class='ocrx_word' id='word_1_363' title='bbox 453 3837 597 3890; x_wconf 85' lang='lat' dir='ltr'><strong>Franciam</strong></span> <span class='ocrx_word' id='word_1_364' title='bbox 618 3840 655 3890; x_wconf 87' lang='lat' dir='ltr'><strong>od</strong></span> <span class='ocrx_word' id='word_1_365' title='bbox 668 3841 837 3905; x_wconf 80' lang='lat' dir='ltr'><strong>patrandum</strong></span> <span class='ocrx_word' id='word_1_366' title='bbox 856 3841 926 3894; x_wconf 79' lang='lat' dir='ltr'><strong>illud</strong></span> <span class='ocrx_word' id='word_1_367' title='bbox 944 3842 1016 3894; x_wconf 86' lang='lat' dir='ltr'><strong>eirca</strong></span> <span class='ocrx_word' id='word_1_368' title='bbox 1031 3843 1318 3910; x_wconf 75' lang='lat' dir='ltr'><strong>Wirtailorp&#39;mopnoe</strong></span> <span class='ocrx_word' id='word_1_369' title='bbox 1336 3841 1402 3894; x_wconf 85' lang='lat' dir='ltr'><strong>occi·</strong></span> 
     </span>
     <span class='ocr_line' id='line_1_43' title="bbox 283 3911 1400 3982; baseline 0.002 -20"><span class='ocrx_word' id='word_1_370' title='bbox 283 3911 364 3962; x_wconf 86' lang='lat' dir='ltr'><strong>sionis</strong></span> <span class='ocrx_word' id='word_1_371' title='bbox 384 3913 467 3962; x_wconf 83' lang='lat' dir='ltr'><strong>scelos</strong></span> <span class='ocrx_word' id='word_1_372' title='bbox 488 3912 524 3979; x_wconf 83' lang='lat' dir='ltr'><strong>(c.</strong></span> <span class='ocrx_word' id='word_1_373' title='bbox 539 3911 595 3978; x_wconf 88' lang='grc'>31).</span> <span class='ocrx_word' id='word_1_374' title='bbox 653 3912 682 3980; x_wconf 83' lang='grc'><strong>5)</strong></span> <span class='ocrx_word' id='word_1_375' title='bbox 703 3915 734 3966; x_wconf 87' lang='lat' dir='ltr'><strong>V.</strong></span> <span class='ocrx_word' id='word_1_376' title='bbox 755 3916 839 3981; x_wconf 87' lang='lat' dir='ltr'><strong>praef.</strong></span> <span class='ocrx_word' id='word_1_377' title='bbox 858 3933 884 3980; x_wconf 89' lang='lat' dir='ltr'><strong>p.</strong></span> <span class='ocrx_word' id='word_1_378' title='bbox 898 3917 947 3967; x_wconf 90' lang='lat' dir='ltr'><strong>XI.</strong></span> <span class='ocrx_word' id='word_1_379' title='bbox 1005 3915 1035 3982; x_wconf 83' lang='lat'><strong>6)</strong></span> <span class='ocrx_word' id='word_1_380' title='bbox 1054 3917 1118 3968; x_wconf 88' lang='lat' dir='ltr'><strong>Post</strong></span> <span class='ocrx_word' id='word_1_381' title='bbox 1137 3915 1267 3980; x_wconf 83' lang='lat' dir='ltr'><strong>synodum</strong></span> <span class='ocrx_word' id='word_1_382' title='bbox 1286 3915 1400 3980; x_wconf 82' lang='lat' dir='ltr'><strong>Mogon-</strong></span> 
     </span>
     <span class='ocr_line' id='line_1_44' title="bbox 281 3984 1401 4055; baseline 0 -19"><span class='ocrx_word' id='word_1_383' title='bbox 281 3987 428 4036; x_wconf 86' lang='lat' dir='ltr'><strong>tiacensem</strong></span> <span class='ocrx_word' id='word_1_384' title='bbox 458 3991 486 4036; x_wconf 88' lang='lat' dir='ltr'><strong>et</strong></span> <span class='ocrx_word' id='word_1_385' title='bbox 514 3992 575 4052; x_wconf 88' lang='lat' dir='ltr'><strong>post</strong></span> <span class='ocrx_word' id='word_1_386' title='bbox 604 3993 764 4038; x_wconf 86' lang='lat' dir='ltr'><strong>conventum</strong></span> <span class='ocrx_word' id='word_1_387' title='bbox 792 3990 819 4038; x_wconf 89' lang='lat' dir='ltr'><strong>in</strong></span> <span class='ocrx_word' id='word_1_388' title='bbox 845 3987 906 4039; x_wconf 87' lang='lat' dir='ltr'><strong>loco</strong></span> <span class='ocrx_word' id='word_1_389' title='bbox 927 3989 1097 4055; x_wconf 81' lang='lat' dir='ltr'><strong>Gerstungen</strong></span> <span class='ocrx_word' id='word_1_390' title='bbox 1121 3995 1210 4038; x_wconf 87' lang='lat' dir='ltr'><strong>actum</strong></span> <span class='ocrx_word' id='word_1_391' title='bbox 1235 3989 1282 4050; x_wconf 87' lang='lat' dir='ltr'><strong>(cf.</strong></span> <span class='ocrx_word' id='word_1_392' title='bbox 1307 4003 1331 4038; x_wconf 90' lang='lat' dir='ltr'><strong>e.</strong></span> <span class='ocrx_word' id='word_1_393' title='bbox 1353 3984 1401 4054; x_wconf 82' lang='lat'><strong>19)</strong></span> 
     </span>
     <span class='ocr_line' id='line_1_45' title="bbox 281 4060 1402 4127; baseline 0.003 -19"><span class='ocrx_word' id='word_1_394' title='bbox 281 4074 381 4124; x_wconf 82' lang='lat' dir='ltr'><strong>magna</strong></span> <span class='ocrx_word' id='word_1_395' title='bbox 401 4061 572 4110; x_wconf 87' lang='lat' dir='ltr'><strong>commutatio</strong></span> <span class='ocrx_word' id='word_1_396' title='bbox 592 4060 757 4111; x_wconf 87' lang='lat' dir='ltr'><strong>voluntatum</strong></span> <span class='ocrx_word' id='word_1_397' title='bbox 777 4062 848 4127; x_wconf 88' lang='lat' dir='ltr'><strong>apud</strong></span> <span class='ocrx_word' id='word_1_398' title='bbox 863 4063 984 4114; x_wconf 85' lang='lat' dir='ltr'><strong>Saxones</strong></span> <span class='ocrx_word' id='word_1_399' title='bbox 1002 4063 1075 4114; x_wconf 85' lang='lat' dir='ltr'><strong>facta</strong></span> <span class='ocrx_word' id='word_1_400' title='bbox 1095 4067 1143 4120; x_wconf 85' lang='lat' dir='ltr'><strong>est,</strong></span> <span class='ocrx_word' id='word_1_401' title='bbox 1164 4077 1233 4127; x_wconf 90' lang='lat' dir='ltr'><strong>quae</strong></span> <span class='ocrx_word' id='word_1_402' title='bbox 1249 4077 1302 4112; x_wconf 90' lang='lat' dir='ltr'><strong>non</strong></span> <span class='ocrx_word' id='word_1_403' title='bbox 1316 4061 1402 4112; x_wconf 88' lang='lat' dir='ltr'><strong>solum</strong></span> 
     </span>
     <span class='ocr_line' id='line_1_46' title="bbox 282 4132 1401 4200; baseline 0.002 -18"><span class='ocrx_word' id='word_1_404' title='bbox 282 4149 330 4198; x_wconf 86' lang='lat' dir='ltr'><strong>per</strong></span> <span class='ocrx_word' id='word_1_405' title='bbox 343 4132 467 4182; x_wconf 83' lang='lat' dir='ltr'><strong>abbatem</strong></span> <span class='ocrx_word' id='word_1_406' title='bbox 483 4133 680 4193; x_wconf 82' lang='lat' dir='ltr'><strong>Herosleldiae,</strong></span> <span class='ocrx_word' id='word_1_407' title='bbox 694 4135 742 4184; x_wconf 88' lang='lat' dir='ltr'><strong>sed</strong></span> <span class='ocrx_word' id='word_1_408' title='bbox 757 4137 836 4184; x_wconf 87' lang='lat' dir='ltr'><strong>etiam</strong></span> <span class='ocrx_word' id='word_1_409' title='bbox 851 4151 899 4200; x_wconf 90' lang='lat' dir='ltr'><strong>per</strong></span> <span class='ocrx_word' id='word_1_410' title='bbox 909 4136 1032 4187; x_wconf 90' lang='lat' dir='ltr'><strong>Udonem</strong></span> <span class='ocrx_word' id='word_1_411' title='bbox 1045 4135 1329 4186; x_wconf 87' lang='lat' dir='ltr'><strong>Hildinisheimensem</strong></span> <span class='ocrx_word' id='word_1_412' title='bbox 1345 4135 1401 4200; x_wconf 88' lang='lat' dir='ltr'><strong>epi·</strong></span> 
     </span>
     <span class='ocr_line' id='line_1_47' title="bbox 282 4205 1403 4274; baseline 0.002 -18"><span class='ocrx_word' id='word_1_413' title='bbox 282 4221 401 4271; x_wconf 85' lang='lat' dir='ltr'><strong>scopum,</strong></span> <span class='ocrx_word' id='word_1_414' title='bbox 422 4205 455 4254; x_wconf 89' lang='lat' dir='ltr'><strong>de</strong></span> <span class='ocrx_word' id='word_1_415' title='bbox 476 4223 528 4271; x_wconf 92' lang='lat' dir='ltr'><strong>quo</strong></span> <span class='ocrx_word' id='word_1_416' title='bbox 547 4223 628 4273; x_wconf 85' lang='lat' dir='ltr'><strong>supra</strong></span> <span class='ocrx_word' id='word_1_417' title='bbox 648 4223 672 4257; x_wconf 85' lang='lat' dir='ltr'><strong>e.</strong></span> <span class='ocrx_word' id='word_1_418' title='bbox 694 4207 736 4271; x_wconf 81' lang='lat'><strong>19,</strong></span> <span class='ocrx_word' id='word_1_419' title='bbox 757 4209 854 4258; x_wconf 83' lang='lat' dir='ltr'><strong>effecta</strong></span> <span class='ocrx_word' id='word_1_420' title='bbox 873 4213 922 4260; x_wconf 85' lang='lat' dir='ltr'><strong>est.</strong></span> <span class='ocrx_word' id='word_1_421' title='bbox 962 4209 1002 4260; x_wconf 80' lang='lat' dir='ltr'><strong>cf.</strong></span> <span class='ocrx_word' id='word_1_422' title='bbox 1023 4210 1093 4259; x_wconf 86' lang='lat' dir='ltr'><strong>Ann.</strong></span> <span class='ocrx_word' id='word_1_423' title='bbox 1110 4207 1238 4274; x_wconf 83' lang='lat' dir='ltr'><strong>Magdeb.</strong></span> <span class='ocrx_word' id='word_1_424' title='bbox 1259 4209 1307 4260; x_wconf 76' lang='lat' dir='ltr'><strong>SS.</strong></span> <span class='ocrx_word' id='word_1_425' title='bbox 1327 4209 1403 4272; x_wconf 85' lang='lat' dir='ltr'><strong>XVI,</strong></span> 
     </span>
     <span class='ocr_line' id='line_1_48' title="bbox 281 4277 1404 4346; baseline 0.005 -20"><span class='ocrx_word' id='word_1_426' title='bbox 281 4295 308 4344; x_wconf 89' lang='lat' dir='ltr'><strong>p.</strong></span> <span class='ocrx_word' id='word_1_427' title='bbox 330 4277 395 4327; x_wconf 77' lang='lat'><strong>177:</strong></span> <span class='ocrx_word' id='word_1_428' title='bbox 423 4277 530 4329; x_wconf 84' lang='lat' dir='ltr'><strong>Videres</strong></span> <span class='ocrx_word' id='word_1_429' title='bbox 555 4287 617 4331; x_wconf 84' lang='lat' dir='ltr'><strong>tnnc</strong></span> <span class='ocrx_word' id='word_1_430' title='bbox 643 4279 764 4345; x_wconf 80' lang='lat' dir='ltr'><strong>temporis</strong></span> <span class='ocrx_word' id='word_1_431' title='bbox 781 4279 885 4346; x_wconf 84' lang='lat' dir='ltr'><strong>faciem</strong></span> <span class='ocrx_word' id='word_1_432' title='bbox 910 4279 1046 4332; x_wconf 76' lang='lat' dir='ltr'><strong>Senoniae</strong></span> <span class='ocrx_word' id='word_1_433' title='bbox 1071 4281 1279 4333; x_wconf 81' lang='lat' dir='ltr'><strong>irrevocabiliter</strong></span> <span class='ocrx_word' id='word_1_434' title='bbox 1304 4282 1404 4333; x_wconf 72' lang='lat' dir='ltr'><strong>atrae</strong></span> 
     </span>
     <span class='ocr_line' id='line_1_49' title="bbox 283 4352 1361 4424; baseline 0.008 -25"><span class='ocrx_word' id='word_1_435' title='bbox 283 4357 351 4411; x_wconf 88' lang='lat' dir='ltr'><strong>tom;</strong></span> <span class='ocrx_word' id='word_1_436' title='bbox 371 4352 500 4402; x_wconf 88' lang='lat' dir='ltr'><strong>Bernoldi</strong></span> <span class='ocrx_word' id='word_1_437' title='bbox 521 4352 582 4404; x_wconf 85' lang='lat' dir='ltr'><strong>(lhr.</strong></span> <span class='ocrx_word' id='word_1_438' title='bbox 603 4353 663 4420; x_wconf 81' lang='lat' dir='ltr'>(SS.</span> <span class='ocrx_word' id='word_1_439' title='bbox 680 4355 712 4419; x_wconf 91' lang='lat' dir='ltr'><strong>V,</strong></span> <span class='ocrx_word' id='word_1_440' title='bbox 733 4372 761 4421; x_wconf 90' lang='lat' dir='ltr'><strong>p.</strong></span> <span class='ocrx_word' id='word_1_441' title='bbox 780 4352 847 4421; x_wconf 85' lang='grc'>444)</span> <span class='ocrx_word' id='word_1_442' title='bbox 855 4373 862 4418; x_wconf 83' lang='grc'><strong>;</strong></span> <span class='ocrx_word' id='word_1_443' title='bbox 881 4355 989 4406; x_wconf 84' lang='lat' dir='ltr'><strong>Ekksh.</strong></span> <span class='ocrx_word' id='word_1_444' title='bbox 1010 4355 1073 4408; x_wconf 81' lang='lat' dir='ltr'><strong>Chr.</strong></span> <span class='ocrx_word' id='word_1_445' title='bbox 1094 4355 1155 4417; x_wconf 84' lang='lat' dir='ltr'><strong>(SS.</strong></span> <span class='ocrx_word' id='word_1_446' title='bbox 1169 4355 1217 4420; x_wconf 91' lang='lat' dir='ltr'><strong>VI,</strong></span> <span class='ocrx_word' id='word_1_447' title='bbox 1237 4373 1264 4421; x_wconf 79' lang='lat' dir='ltr'><strong>p.</strong></span> <span class='ocrx_word' id='word_1_448' title='bbox 1286 4353 1361 4424; x_wconf 77' lang='lat'><strong>205).</strong></span> 
     </span>
    </p>
   </div>
   <div class='ocr_carea' id='block_1_11' title="bbox 0 0 1562 4814">
    <p class='ocr_par' dir='ltr' id='par_1_12' title="bbox 0 0 1562 4814">
     <span class='ocr_line' id='line_1_50' title="bbox 0 0 1562 4814; baseline 0 1"><span class='ocrx_word' id='word_1_449' title='bbox 0 0 1562 4814; x_wconf 95' lang='lat' dir='ltr'><strong> </strong></span> 
     </span>
    </p>
   </div>
  </div>
 </body>
</html>
