3114 4814
326 347 377 397 Du
396 347 554 399 UNITATE
573 343 777 397 EOOLESIAE
798 343 1074 398 consuevimus.
1211 345 1261 397 105

143 539 224 588 quam
243 521 379 586 accepistis
399 537 417 570 a
435 517 526 574 nobis'.
564 519 600 570 lit
617 516 713 572 iterum
731 518 808 572 dicit:
827 519 920 571 ‘Nemo
939 519 1055 585 decipiat
1072 537 1118 572 uos
1139 518 1263 572 inanibus

143 594 239 659 uerbis,
260 600 405 662 propterea
423 593 493 644 enim
515 593 586 645 uenit
609 591 654 643 ira
678 593 732 646 Dei
755 592 785 644 in
796 593 869 660 filios
895 593 1084 656 contumaciae,
1103 593 1182 644 notite
1201 565 1370 668 111ῗέ1111

144 687 199 722 esse
224 667 370 734 participes
396 667 501 718 eorum'.
540 666 728 718 Recedendum
758 672 795 717 est
823 683 841 716 a
866 666 1086 733 delinquentibus,
1117 668 1159 718 oet
1184 667 1262 718 immo
1294 653 1300 678 '

136 742 310 810 sapiendum,
339 758 380 804 ne,
405 741 470 792 dum
498 740 557 806 quis
585 741 654 791 male
678 738 874 791 ambulantibus
901 739 1023 806 iunpitur
1046 748 1069 791 et
1089 757 1141 806 per
1165 740 1264 792 itinera

145 814 243 869 erroris
263 823 287 866 et
305 814 422 866 criminis
442 813 565 876 trahitur,
586 831 603 864 a
621 811 668 865 oia
685 813 742 865 ueri
759 812 862 865 itineris
885 829 1012 865 cremans
1027 811 1094 878 pari
1112 813 1221 866 crimine
1241 821 1264 866 et

143 890 202 956 ipse
221 896 349 941 teneatur.
393 887 465 938 Unus
489 887 564 938 Deus
590 892 627 939 est
652 893 677 938 et
694 903 764 938 unus
784 885 903 938 Christus
922 893 946 938 et
964 903 1020 936 una
1039 887 1147 938 ecclesia
1166 887 1222 940 cius
1241 894 1265 939 et

138 964 210 1031 fides
228 980 294 1026 una,
314 967 338 1014 st
351 961 428 1026 plebs
446 960 475 1011 in
494 959 608 1012 solidam
620 961 736 1026 corporis
752 959 879 1012 unitatem
899 959 1054 1012 concordiae
1072 959 1173 1028 plutino
1186 978 1264 1027 copu-

145 1037 212 1088 lata.
249 1034 343 1087 Scindi
361 1033 451 1085 unitas
469 1051 523 1085 non
540 1042 632 1099 potest,
655 1051 704 1086 nec
728 1051 811 1084 smum
835 1050 929 1098 corpus
947 1033 1079 1084 nudatos
1104 1035 1264 1102 compapinis

146 1107 277 1176 separari,
297 1108 409 1160 divulsis
429 1107 588 1159 laceratione
606 1106 748 1159 uisceribus
765 1107 795 1158 in
806 1107 903 1173 frusta
921 1105 1046 1172 discerpi.
1080 1105 1212 1175 Quicquid
1231 1109 1264 1159 ab
1311 1136 1316 1144 »

147 1183 249 1236 ueritate
272 1179 428 1244 discesserit,
457 1197 575 1232 seorsum
594 1181 682 1234 uiuae
707 1187 731 1233 et
753 1181 858 1247 spirare
881 1197 934 1232 nou
959 1179 1065 1246 poterit,
1089 1182 1265 1233 substantiam

148 1266 244 1317 satum
263 1265 365 1317 omitto.
406 1248 496 1312 Haec
519 1249 605 1314 beati
628 1247 783 1334 Cypriani
804 1247 904 1312 verba
925 1246 1110 1311 fidelissima
1132 1259 1205 1314 sunt
1234 1259 1265 1314 et

147 1354 234 1414 vera,
257 1353 339 1418 quae
362 1333 584 1418 constringunt
606 1335 711 1397 eertab
735 1331 930 1398 declinantes
952 1333 986 1394 iu
1000 1331 1178 1417 aliquarum
1193 1355 1265 1420 par-

147 1417 229 1482 tium
252 1418 419 1500 scismata,
448 1427 545 1503 atque
574 1417 646 1482 ideo
669 1439 745 1502 erga
767 1439 801 1481 se
823 1414 1026 1482 insolubilem
1050 1439 1119 1481 esse
1142 1427 1265 1483 senten-

146 1502 225 1565 tiam
253 1501 386 1583 faciunt,
412 1503 467 1587 qui
496 1500 575 1568 tales
597 1523 784 1588 permanere
806 1499 953 1585 diligunt,
978 1498 1087 1586 quales
1109 1503 1266 1568 veraciter

146 1583 270 1650 absolvi
295 1607 361 1650 non
382 1594 541 1671 poterunt.
585 1587 689 1671 Igitur
710 1585 915 1671 supradictus
937 1584 1110 1667 Adelbero,
1132 1597 1266 1672 accepta

147 1669 286 1736 abeundi
307 1669 436 1735 licentia
458 1670 497 1735 de
520 1671 649 1735 civitate
664 1669 859 1755 Wirziburg,
882 1691 957 1733 cum
979 1669 1021 1734 ad
1043 1671 1134 1754 pacis
1157 1671 1264 1736 condi.

147 1755 269 1818 tionem
296 1753 383 1818 flecti
414 1775 479 1818 non
507 1757 675 1840 potuisset,
702 1756 736 1817 in
763 1754 915 1818 dilectum
945 1754 1007 1817 sibi
1029 1754 1265 1822 Montem-vini

148 1840 280 1904 secessit
294 1837 404 1924 ibique
419 1860 503 1902 anno
522 1839 563 1903 ab
579 1839 798 1903 incarnatione
813 1837 947 1902 Domini
961 1837 1052 1902 1090.
1075 1839 1164 1923 obiit,
1188 1861 1264 1926 qua·
1274 1867 1339 1910 roso.

146 1923 210 1989 lem
240 1923 393 2009 deinceps
422 1923 557 1988 ecclesia
585 1925 620 1988 in
648 1923 904 1988 communionem
931 1943 996 1985 non
1021 1925 1152 2010 recepit,
1173 1925 1266 1989 iuxta

148 2007 237 2095 quod
263 2017 392 2072 sanctus
417 2007 485 2072 Leo
510 2021 614 2093 papa¹
639 2007 765 2071 scribit:
794 2022 859 2085 Nos,
881 2007 1040 2092 inquiens,
1061 2021 1158 2089 quitus
1176 2023 1265 2076 utren-

148 2099 217 2150 tr'bus
236 2116 290 2149 non
310 2098 540 2162 communicamus,
559 2098 668 2150 mortuis
689 2095 881 2148 communicare
899 2115 953 2148 non
967 2113 1119 2162 possumus.

233 2167 284 2231 30.
318 2166 442 2230 Eodem
465 2169 561 2230 etiam
583 2189 666 2230 anno
690 2165 771 2230 obiit
792 2165 1019 2246 Herimannus,
1040 2164 1145 2228 dictus
1169 2185 1268 2249 quon-

149 2248 223 2314 dam
244 2249 411 2316 Mettensis
441 2250 595 2315 ecclesiae
624 2251 806 2336 episcopus,
833 2250 944 2334 quiet
969 2249 1049 2334 ipse,
1071 2271 1143 2312 eum
1165 2270 1269 2314 reces-

149 2335 244 2399 sisset
269 2334 396 2421 fugiens
424 2333 466 2397 ab
497 2333 633 2400 ecclesia
661 2357 729 2415 sua,
760 2333 929 2398 damnatus
952 2341 1001 2396 est
1028 2335 1061 2396 in
1083 2333 1270 2419 supradicta

149 2418 273 2504 synodo
295 2429 391 2505 atque
413 2419 589 2518 depositus,
612 2419 762 2506 quoniam
786 2440 882 2502 saepe
896 2427 1029 2482 vocatus
1052 2440 1111 2504 per
1131 2419 1269 2504 impera-

150 2511 262 2582 torem,
293 2525 390 2589 saepe
422 2513 518 2568 etlam
548 2512 682 2568 vocatus
704 2524 763 2587 per
786 2524 862 2566 oves
894 2523 1035 2586 pascuae
1065 2504 1143 2584 eius,
1167 2501 1271 2567 noluit

149 2587 266 2650 reverti
287 2587 329 2652 ad
350 2586 542 2674 pastoralem
565 2608 674 2651 curam
689 2585 844 2652 ecclesiae
866 2607 954 2665 suae,
975 2608 1040 2650 non
1060 2585 1156 2650 aliam
1178 2609 1269 2672 prae-

151 2671 285 2735 tendens
307 2673 524 2737 excusationis
548 2673 761 2750 occasionem,
784 2670 847 2733 nisi
869 2669 955 2756 quod
977 2669 1075 2734 nollet
1089 2669 1199 2734 videre
1221 2669 1271 2734 vel

149 2753 270 2842 alloqui
292 2758 604 2822 excommunicatum
626 2757 865 2842 imperatorem.
910 2754 945 2818 Si
965 2753 1070 2818 noluit
1090 2753 1199 2818 videre
1221 2753 1272 2818 vel

150 2838 271 2926 alloqui
292 2841 500 2905 christianum
522 2841 758 2940 imperatorem,
803 2838 860 2902 uid
880 2837 1067 2903 Neronem?
1093 2839 1170 2924 quid
1192 2837 1271 2902 Dio-

149 2923 339 2989 clitianum?
383 2927 461 3025 quid
493 2923 749 2989 Maxlmianum?
816 2923 857 2988 sti
894 2923 1025 3010 quidem
1060 2923 1271 3009 imperatores

148 3019 243 3074 erant
263 3009 446 3094 impiiss1mi
468 3019 500 3075 et
514 3010 693 3075 saevissimi
708 3007 860 3074 ecclesiae
880 3017 1111 3094 persecutores,
1134 3029 1270 3094 quorum

147 3102 237 3158 certe
270 3104 477 3159 consectum
508 3095 666 3180 praecipit
697 3093 857 3158 Dominus
890 3091 1065 3178 discipulos
1098 3114 1173 3156 suos
1206 3114 1305 3186 noncs
1320 3145 1393 3185 nure.

148 3177 185 3242 fu
210 3201 278 3260 ere3
302 3117 373 3243 secl:
399 3179 477 3246 Cum
503 3181 664 3261 steteritis,
685 3179 800 3264 inquit,
825 3187 898 3243 ante
920 3201 1012 3264 repes
1036 3187 1065 3242 et
1086 3179 1268 3262 praesides,
1298 3172 1361 3256 [aa

152 3201 252 3327 adise
273 3264 382 3328 timere
389 3311 399 3345 ,
421 3263 528 3328 Deum
550 3273 656 3328 autem
677 3265 780 3329 timete
802 3271 831 3328 et
851 3285 958 3348 repam
980 3263 1202 3344 honorificate.
1240 3261 1364 3334 Onam.
1373 3288 1430 3342 s,1s.

147 3345 231 3432 ‘quid
250 3346 403 3430 facerent,
425 3349 453 3410 si
473 3345 519 3411 illi
536 3348 713 3412 desertores
728 3346 937 3412 ecclesiarum
958 3349 1067 3430 episco
1093 3345 1104 3408 i
1126 3343 1185 3409 sub
1200 3367 1270 3492 per-

152 3431 315 3495 secutione
326 3431 564 3516 praedictorum
578 3433 808 3517 imperatorum
819 3429 975 3494 fuissent?
990 3451 1053 3516 quo
1088 3451 1204 3514 exemp
1217 3451 1270 3492 um

151 3513 357 3600 reliquissent
378 3515 527 3580 fidelibus
548 3537 607 3601 pro
628 3517 691 3581 fide
707 3515 827 3580 Christi
849 3512 1067 3578 certantibus?
1095 3512 1271 3600 Apostolus

130 3600 274 3685 'quippe
302 3599 413 3665 volens
442 3622 613 3686 exponere,
636 3600 714 3688 quid
736 3602 778 3664 sit
806 3599 1021 3684 episcopatus,
1051 3599 1128 3684 quia
1154 3619 1272 3663 nomen

152 3692 202 3748 est
223 3685 340 3769 operis,
360 3705 426 3748 nou
440 3683 585 3750 honoris:
610 3683 677 3760 Qui
697 3687 931 3770 episcopatum,
952 3683 1066 3768 inquit,
1088 3684 1430 3770 desyderat,·1.r1m.e‚1.

153 3769 272 3832 bonum
307 3792 324 3834 0
351 3793 390 3833 us
426 3770 609 3856 desyderat.
662 3769 758 3834 Unde
794 3767 993 3853 Augustinus
1029 3769 1203 3853 episcopus
1238 3769 1271 3830 in

155 3854 205 3918 19.
216 3851 299 3916 libro
339 3876 356 3916 e
373 3855 502 3918 civitate
517 3853 619 3916 Dei²:
640 3867 771 3920 01111111
789 3874 835 3930 est,
854 3851 968 3938 inquit,
986 3872 1064 3932 arque
1082 3863 1145 3917 inde
1164 3867 1272 3917 ductum

154 3943 319 4007 uocabulum,
339 3945 410 4009 quod
424 3943 470 3995 ille
488 3943 534 4010 qui
547 3942 707 4010 praeficitur
726 3941 762 3993 eis
781 3942 877 4007 quibus
891 3939 1050 4008 praeficitur
1069 3939 1270 4004 superintendit,

152 4032 248 4068 ‘curam
261 4017 358 4068 scitr'cet
375 4033 465 4068 eorum
482 4033 584 4084 perena.
619 4014 718 4081 Scopas
736 4013 842 4080 quidem
859 4015 968 4066 intentio
981 4021 1034 4073 est;
1054 4029 1114 4079 erpo
1128 4011 1271 4078 episcopia,

154 4085 270 4170 inquit,
286 4100 309 4151 si
324 4099 461 4164 uelimusss,
480 4088 577 4150 Latine
596 4095 811 4163 superintendere
825 4113 968 4162 possumus
981 4095 1076 4158 dicere,
1096 4100 1126 4144 ut
1143 4093 1272 4157 intettipat

154 4234 179 4288 a)
196 4237 292 4278 dissidio
309 4238 329 4277 1.
389 4235 413 4288 b)
428 4239 491 4277 certa
506 4237 527 4277 1.
587 4232 608 4287 c)
624 4230 662 4276 111
677 4233 763 4282 quippe
779 4241 855 4283 super,
871 4226 960 4278 σκοπὸς
975 4239 1030 4271 vero
1045 4229 1144 4270 intentio
1159 4231 1202 4280 est,
1217 4237 1271 4276 ergo

155 4292 297 4348 ἐπισκοπεῖν,
313 4296 333 4336 si
348 4296 456 4348 velimus,
472 4295 528 4346 Auo.

157 4411 187 4480 1)
206 4411 354 4465 Hinschius
373 4409 392 4463 l.
413 4427 437 4464 c.
456 4427 483 4478 p.
504 4409 567 4462 617.
643 4407 671 4472 2)
690 4404 833 4472 Augustini
853 4405 943 4472 Opera
961 4403 1024 4467 VII,
1043 4419 1070 4469 p.
1091 4399 1153 4454 663.
