3114 4814
355 368 406 417 DE
425 366 585 418 UNITATE
604 365 809 418 nocensne
833 365 1110 419 CONSERVANDA.
1242 367 1293 416 131

172 545 227 604 est.
278 533 372 598 Unde
405 533 607 618 Augustinus
640 533 849 618 episcopus¹:
887 548 936 599 Uti
964 556 1010 610 cu,
1041 533 1157 619 inquit,
1186 546 1294 611 cantos,

171 625 210 678 iln'
227 641 298 690 parc,
327 631 351 676 et
374 623 421 674 ubi
446 623 591 688 humilitas,
616 621 654 674 ihi
677 621 787 674 caritas.
824 621 972 674 Humilitas
997 623 1094 688 quippe
1115 623 1230 687 pertinet
1259 620 1296 670 aci

172 698 371 764 consessionem,
392 697 478 763 quiae
491 698 643 763 confitemur
661 714 709 748 nos
723 703 875 762 peccatores
895 711 958 757 esse,
979 697 1078 746 caritas
1098 703 1186 746 autem
1205 704 1459 759 coope-1.Pstr.t,8-,

172 781 208 832 rit
232 778 427 831 multitudinem
448 785 626 844 peccatorum.
665 763 709 827 Et
737 766 886 828 memmi:
917 776 1027 843 Sipnent
1053 795 1080 829 se
1104 793 1192 828 omnes
1219 773 1295 844 siquo

173 853 259 905 crucis
279 851 384 920 Christi,
409 853 589 918 respondeant
613 869 701 904 omnes
721 869 807 915 amen,
833 859 939 904 cantent
962 867 1049 902 omncs
1072 851 1190 913 alleluia,
1211 849 1296 914 bapti-

172 935 266 978 acntur
279 943 377 989 omncs,
398 925 497 977 intrent
510 924 653 988 ecclesiam,
665 926 776 992 faciam
793 925 909 992 parietes
923 923 1111 986 enituerunt,-
1129 920 1183 974 nor't
1199 922 1295 974 discer-

172 1015 275 1058 emus
296 1007 352 1073 first
375 1006 430 1058 oa
454 1013 478 1059 a
495 1007 551 1074 pets
574 1007 677 1059 atauo
699 1006 754 1059 sat
778 1007 898 1060 camare.
941 989 1006 1054 Hic
1033 1001 1082 1056 est
1108 991 1193 1055 enim
1220 988 1295 1052 cha-

172 1084 278 1138 racter
299 1073 362 1156 ille,
385 1096 449 1175 quo
471 1075 591 1160 signati
613 1096 723 1138 sumus
744 1077 776 1138 in
797 1073 883 1139 diem
905 1074 1135 1160 redemptionis
1156 1081 1295 1154 nostrae,

174 1161 256 1244 quia
279 1159 344 1222 Dei
366 1158 491 1244 diffusa
512 1169 558 1224 est
580 1161 706 1223 caritas
727 1161 765 1223 in
787 1159 939 1224 cordibus
961 1162 1082 1224 nostris
1101 1181 1164 1243 per
1185 1158 1435 1248 &Pithoeus

173 1253 241 1306 tum
263 1251 423 1324 sanctum,
447 1246 506 1328 qui
526 1244 625 1308 datus
647 1252 693 1307 est
713 1244 826 1324 nobis;
849 1265 922 1328 quo,
945 1241 1068 1308 scilicet
1082 1241 1206 1328 Spiritu
1220 1263 1294 1327 pro-

173 1326 336 1390 missionis
359 1337 480 1409 sancto,
504 1327 588 1390 sieut
602 1327 647 1392 ait
661 1327 836 1414 apostolus,
861 1329 988 1413 sipnati
1002 1329 1087 1392 estis.
1122 1326 1203 1391 Sed:
1229 1323 1450 1408 (iniussum.¹

175 1420 371 1494 acceperant
399 1412 621 1476 characterem
649 1411 767 1476 bestiae
796 1421 824 1476 et
847 1411 991 1474 adorant
1011 1413 1191 1498 imaginem
1213 1413 1295 1491 eius,
1450 1425 1452 1431 '

172 1495 265 1560 missi
286 1504 364 1559 sunt
385 1497 422 1559 in
444 1505 599 1582 stapnum
621 1497 713 1582 ipnis
735 1506 764 1558 et
785 1493 966 1580 sulphuris,
996 1495 1053 1560 ubi
1078 1505 1123 1560 est
1144 1496 1246 1560 bestia
1268 1503 1297 1558 et

167 1579 488 1664 pseudoprophetae,
518 1589 546 1642 et
572 1580 812 1644 cruciabuntur
842 1579 894 1642 die
925 1603 964 1643 ac
986 1589 1077 1644 nocte
1102 1577 1296 1644 insaecula

173 1662 390 1742 saeculorum,
423 1663 505 1727 siout
526 1662 644 1726 dieitur
665 1663 698 1726 in
722 1661 921 1762 Apocalypsi
942 1684 1002 1748 per
1023 1662 1199 1727 Iohannem
1221 1683 1296 1748 apo·
1306 1663 1459 1764 *agg-{⁹3²⁰-

173 1745 298 1815 stolum.
339 1747 445 1832 igitur
465 1746 523 1810 tilii
545 1747 610 1810 Dei
631 1756 664 1812 et
685 1745 742 1809 filii
763 1745 884 1810 diaboh
906 1746 1132 1810 discernuntur
1153 1747 1296 1827 caritate,
1370 1751 1376 1775 '
1416 1751 1423 1765 ⁸

173 1853 215 1896 ex
243 1852 307 1915 qua
335 1831 493 1916 contingit
521 1829 738 1896 membrorum
760 1831 915 1894 unitatem
938 1829 1145 1913 concordare,
1172 1831 1235 1912 eth,
1265 1833 1296 1893 si

168 1917 303 1999 patitur
331 1938 435 1980 unum
463 1915 648 1996 membrum,
676 1917 921 2000 compatiuntur
951 1919 1061 1980 omnia
1088 1915 1241 1995 membra,
1268 1923 1460 1993 etnoorssae.

174 2001 205 2062 si
253 1997 398 2064 loriatur
425 2022 526 2062 unum
556 1999 741 2082 membrum,
772 1999 981 2098 conpaucient
1008 2001 1120 2064 omnia
1141 1997 1294 2064 membra.

174 2021 251 2147 Seri
256 2083 312 2168 qui
326 2083 562 2168 assumptiones
583 2083 681 2148 falsas
703 2095 735 2148 et
750 2083 921 2148 eieeuones
935 2081 1101 2147 viderunt:
1123 2083 1203 2148 Non
1220 2104 1295 2166 pcc-

173 2168 330 2249 cavimus,
359 2169 519 2253 inquiunt,
548 2169 630 2254 quia
653 2191 718 2252 pro
742 2190 777 2232 eo
805 2169 893 2253 quool
908 2177 1130 2252 peccaverunt
1150 2167 1295 2232 Domino

173 2252 253 2316 baec
301 2253 370 2316 assi
392 2261 479 2316 sarit.
521 2251 612 2316 Haeo
635 2261 708 2316 sunt
728 2253 829 2317 verba
851 2273 972 2332 eorum,
994 2252 1050 2338 qui
1071 2252 1233 2337 pertinent
1253 2249 1296 2314 ad

171 2273 384 2419 Babyilmem,
411 2334 453 2399 ad
482 2343 640 2400 terrenam
671 2335 793 2400 scilicet
815 2337 988 2416 civitatem,
1010 2336 1067 2422 qui
1088 2347 1163 2400 sunt
1184 2334 1295 2399 adver-

173 2419 250 2482 sarii
278 2429 310 2484 et
335 2418 443 2484 hostes
471 2418 684 2500 Hierusalem,
715 2441 798 2506 quae
826 2420 1054 2504 iuterpretatur
1083 2420 1165 2483 visio
1219 2419 1295 2501 aeis,

173 2503 264 2567 cuius
293 2501 497 2568 adversarius
531 2515 579 2566 est
606 2523 733 2588 quoque
765 2511 861 2588 atque
892 2503 994 2567 hostis
1022 2525 1082 2567 rex
1107 2441 1436 2590 Babyionis,cr.nan.s.

172 2589 229 2674 qui
250 2595 362 2673 utpote
384 2609 499 2673 gerens
522 2588 710 2672 mysterium
729 2585 859 2669 diaboli,
879 2587 1034 2673 principis
1056 2586 1150 2650 huius
1172 2585 1295 2669 mundi,

172 2671 277 2734 erexit
313 2672 376 2736 sibi
408 2671 547 2740 statuam
580 2680 691 2734 contra
724 2670 833 2734 Deum
865 2669 955 2752 caeli,
989 2679 1025 2734 ut
1056 2669 1191 2735 adorent
1221 2691 1295 2733 eum

173 2776 284 2820 omnes
318 2756 372 2842 qui
405 2777 470 2819 non
496 2755 658 2841 pertinent
686 2754 727 2818 ad
758 2755 922 2819 civitatem
949 2754 1022 2835 Dei,
1057 2753 1168 2839 quales
1197 2755 1295 2818 etiam

171 2849 247 2904 sunt
274 2837 412 2904 cultores
440 2861 666 2927 perversorum
696 2839 893 2924 dogmatum,
925 2859 1008 2924 quae
1034 2846 1109 2902 sunt
1129 2839 1295 2904 doctrinae

170 2931 204 2988 et
225 2923 377 2988 mandata
399 2923 573 3006 hominum,
597 2923 716 3010 quibus
738 2932 850 3010 utpote
865 2923 1067 2989 venientibus
1090 2932 1201 2988 eontra
1220 2922 1294 2986 doc-

167 3008 288 3072 trinam
318 3007 438 3074 Christi
468 3030 533 3073 non
567 3017 615 3072 est
646 3006 723 3073 ‘ave’
752 3006 935 3090 dicendum,
969 3030 1010 3072 ne
1040 3007 1458 3080 communicassemus,

171 3090 324 3176 malignis
346 3092 497 3177 operibus
520 3114 641 3156 eorum.

255 3177 307 3238 42.
337 3174 403 3240 Seri
418 3200 519 3262 neque
535 3179 593 3242 boc
612 3177 900 3262 praetereundum,
923 3176 1082 3261 inquiunt,
1105 3177 1192 3261 quod
1205 3176 1292 3261 Wip-

171 3259 280 3323 bertus
304 3281 336 3322 se
352 3281 478 3324 serrum
493 3283 659 3325 seruorum
676 3261 741 3324 Dei
761 3263 909 3324 nominat
929 3261 1122 3340 mentiendo,
1145 3269 1293 3323 sanctam

170 3365 243 3406 uero
272 3351 407 3406 matrem
435 3343 611 3426 ecclesiam,
640 3345 678 3408 iel
705 3353 752 3408 est
772 3341 866 3426 filios
887 3345 962 3424 Dei,
994 3345 1052 3428 qui
1083 3345 1206 3428 spiritu
1227 3342 1294 3406 Dei

171 3435 331 3512 apuntur,
375 3449 491 3491 uorum
508 3431 709 3492 conversatio
732 3427 884 3493 incaelis
907 3437 962 3507 est,
985 3450 1190 3514 spnaqopam
1204 3435 1293 3490 satu-

170 3533 234 3574 nae
258 3449 414 3596 appeliat.
445 3509 534 3596 Ergo
558 3513 614 3597 qui
636 3523 710 3576 sunt
731 3511 861 3660 pacifici
881 3511 915 3574 hi
937 3510 1088 3574 dicuntur
1109 3533 1130 3574 a
1148 3511 1444 3588 nomismate.

70 3597 74 3604 '
169 3592 228 3656 filii
250 3593 324 3674 Dei,
352 3601 384 3658 et
413 3597 469 3680 qui
497 3596 664 3659 caritatem
692 3595 734 3659 ha
758 3603 812 3660 ent
838 3593 872 3656 hi
899 3595 1049 3680 spiritum
1071 3594 1137 3660 Dei
1161 3594 1432 3676 habentnonss.

170 3675 253 3741 Nam
283 3679 317 3742 in
346 3679 480 3743 exordio
509 3681 669 3744 nascentis
698 3679 852 3746 ecclesiae
881 3681 970 3744 venit
992 3678 1130 3764 Spiritus
1161 3688 1291 3744 sanetus

170 3783 268 3848 super
290 3761 466 3844 eredentes,
492 3773 525 3827 et
552 3761 766 3848 loquebantur
790 3763 923 3848 linguis,
951 3785 1037 3827 nunc
1068 3774 1188 3846 autem,
1216 3765 1293 3850 quia

170 3847 383 3913 exterioribus
414 3849 515 3933 signis
547 3855 659 3911 saneta
688 3847 825 3912 eeclesia
851 3869 916 3911 non
945 3847 1078 3934 indiget,
1106 3848 1292 3934 quicunque

169 4060 194 4114 a)
211 4075 257 4114 qua
272 4063 365 4116 Ausim.
431 4062 456 4116 b)
473 4067 499 4105 ut
515 4065 536 4106 1.

170 4259 199 4326 1)
224 4262 338 4328 August.
357 4262 429 4316 Prol.
450 4269 476 4314 et
495 4267 572 4314 tract.
594 4262 619 4313 1.
644 4261 672 4310 in
698 4258 755 4310 Ioh.
777 4260 855 4326 epist.
876 4259 910 4310 ad
930 4257 1052 4324 Parthos,
1077 4235 1171 4326 Opera¹
1193 4259 1245 4323 ΙΙΙ,
1267 4259 1292 4323 2,

168 4353 196 4402 p.
217 4334 279 4386 826.
300 4334 364 4389 830.
438 4337 467 4402 2)
486 4336 559 4388 Ibid.
579 4351 604 4388 c.
624 4335 650 4395 3,
669 4339 748 4384 treet.
769 4333 794 4397 6,
813 4350 840 4400 p.
860 4332 923 4384 860.

1023 4413 1057 4464 9*
