3116 4822
233 407 237 416 Ι
331 345 382 394 DE
401 345 559 396 UNITATE
578 343 782 396 EOOLESIAE
804 343 1080 396 CONSERVANDA.
1235 345 1271 395 47

149 537 215 580 nnc
247 513 374 601 pieriae
397 513 538 598 fuciunt
571 514 630 578 hoc
660 513 794 592 intuitu,
827 533 887 574 nos
916 520 1031 593 cutem,
1061 515 1119 598 qui
1150 515 1272 578 iustam

147 609 276 685 purtem
307 597 464 684 Gregorii
490 600 559 662 inm
589 621 611 662 u
639 597 710 660 Deo
740 597 913 678 assumpti,
945 597 1029 660 aiem
1060 599 1183 662 iustum
1215 609 1271 679 est,

151 683 368 769 defendimus,
389 703 453 766 per
467 682 526 746 hoc
548 704 616 746 non
639 681 773 761 homini,
796 679 854 744 sed
875 679 939 744 soli
959 680 1030 746 Deo
1047 681 1182 766 placere
1199 705 1272 747 con·

150 769 322 832 tendimus.

234 853 264 915 5.
308 850 395 915 Hinc
423 851 488 914 iam
518 850 695 934 apparebit,
725 850 781 935 qui
804 849 869 914 sint
890 849 1064 914 scismatici
1086 858 1118 915 et
1138 848 1273 916 heretici

149 945 247 1022 atque
270 935 553 1016 exeommunicati,
583 955 658 998 cum
686 935 747 998 iste
770 931 939 998 scribendo
961 941 1105 1016 testetur,
1127 956 1162 1001 ae
1183 956 1272 999 suos-

151 1042 215 1106 que
247 1019 419 1085 defendere
452 1027 577 1104 partem
610 1018 660 1082 sui
693 1017 855 1103 Gregorii.
912 1017 978 1083 Sed
1009 1020 1119 1084 tunica
1151 1017 1273 1088 Christi

150 1126 211 1191 per
231 1115 334 1169 totum
355 1101 497 1168 textihs⁸
523 1113 620 1188 atque
642 1103 837 1168 cohaerens¹
860 1113 1044 1168 reservatur
1071 1103 1165 1168 nobis
1193 1104 1272 1168 inte-

151 1210 212 1272 gra
243 1198 276 1252 et
306 1188 485 1252 inconcissa
516 1208 536 1250 a
568 1185 775 1251 carnificibus
801 1185 905 1269 Pilati,
937 1197 1048 1273 utpote
1077 1187 1274 1269 melioribus,

154 1293 252 1358 quam
282 1273 336 1358 qui
363 1271 510 1338 dividunt
534 1272 689 1336 unitatem
721 1269 885 1352 ecelesiae,
941 1272 1179 1358 uandoquidem
1210 1273 1275 1371 ipsi

154 1355 373 1422 interfectores
397 1355 517 1422 Christi
538 1355 647 1421 dicant
668 1357 701 1420 in
723 1353 892 1441 euangelio
919 1293 960 1420 he
982 1357 1166 1441 integritate
1188 1355 1274 1422 illrus

82 1441 87 1464 '
155 1441 297 1506 timicae:
312 1441 391 1506 Non
406 1442 596 1506 scindamus
610 1441 712 1525 illum,
728 1442 785 1506 scd
800 1442 1033 1516 sortiamurdc
1048 1464 1097 1524 en,
1113 1443 1421 1515 camerinensem.

154 1525 295 1590 Unitatis
332 1525 418 1596 enim
453 1534 690 1591 sacramentum
726 1535 758 1590 et
793 1523 985 1589 concordiae
1020 1524 1184 1590 vinculum
1219 1523 1275 1589 Illa

156 1608 278 1675 Christi
309 1611 420 1674 tunica
447 1609 690 1695 praetendebat,
719 1631 802 1696 quae
830 1608 872 1674 ab
900 1610 1079 1694 accipiente
1108 1632 1147 1674 ac
1199 1613 1277 1674 ossi-

155 1693 252 1762 dente
274 1695 378 1758 scindi
393 1696 523 1758 omnino
543 1716 608 1758 non
622 1702 756 1780 poterat,
779 1692 838 1758 sed
856 1701 955 1757 totam
971 1693 1065 1758 simul
1086 1705 1118 1760 et
1140 1633 1277 1758 solidam

155 1778 340 1843 firmitatem
360 1781 429 1843 inse
454 1778 618 1843 arabiliter
632 1777 807 1865 optinebat.
840 1777 935 1842 Unde
950 1788 1079 1842 sanctus
1094 1777 1278 1864 Cyprianus

156 1863 329 1950 episcopus
351 1863 385 1926 in
405 1801 488 1928 hhro
511 1863 550 1928 de
571 1863 693 1927 unitate
716 1861 883 1927 eeclesiae:
909 1875 973 1938 Quis
992 1895 1062 1946 erqo,
1081 1863 1188 1948 inquit
1197 1874 1220 1943 ²,
1239 1879 1278 1931 stc

157 1953 308 2017 sceleratus,
327 1954 387 2019 quis
405 1955 442 2006 sic
455 1953 709 2020 discordiucsurore
727 1969 850 2015 cernuus,
871 1959 901 2002 ut
919 1959 966 2001 eut
986 1952 1077 2004 credet
1095 1953 1183 2004 scindi
1189 1970 1277 2019 praec,

159 2035 207 2077 aut
231 2029 331 2078 nudent
355 2027 475 2080 scindere
498 2028 626 2079 unitatem
650 2026 713 2091 Dei,
738 2034 834 2078 uestem
858 2023 977 2088 Domini,
1004 2027 1139 2078 ecclesiam
1161 2026 1279 2078 Christi?

159 2094 225 2160 Sed
252 2094 384 2182 quidam
414 2105 568 2160 exeuntes
596 2117 616 2158 a
636 2094 730 2159 nobis
752 2094 863 2158 dicunt
884 2103 916 2158 et
937 2091 1091 2176 scribunt,
1113 2116 1148 2159 se
1170 2093 1277 2158 defen-

160 2179 236 2244 dere
265 2187 392 2265 partem
419 2182 469 2243 sui
496 2179 658 2262 Gregorii,
686 2201 752 2244 non
777 2178 813 2243 id
842 2177 929 2264 quod
950 2185 1054 2242 totum
1076 2188 1125 2244 est
1147 2176 1278 2259 Christi,

160 2262 248 2350 quod
265 2275 314 2329 est
328 2262 486 2329 catholica
508 2263 645 2328 ecclesia
659 2262 789 2328 Christi.
821 2261 917 2326 Unde
938 2261 1083 2326 Isidorus
1105 2263 1278 2349 episcopus

159 2349 193 2410 in
215 2349 245 2413 8.
266 2347 349 2413 libro
372 2347 653 2434 etymologiarum:
676 2363 819 2428 Oechaliae,
837 2346 942 2432 inquit
951 2358 974 2427 ³,
996 2363 1044 2414 noe
1062 2371 1100 2416 en
1118 2361 1278 2415 amiseratis

160 2436 269 2490 ecclesia
287 2437 394 2505 dicitur,
413 2437 540 2504 quonium
558 2456 612 2490 non
631 2438 777 2489 secundnm
794 2437 977 2490 conventicula
988 2436 1162 2488 hereticorum
1178 2437 1208 2488 in
1227 2435 1278 2486 nli·
1377 2475 1379 2478 .

161 2511 257 2576 quihus
281 2513 418 2580 reqionum
438 2511 564 2577 partibus
584 2517 728 2573 coartatur,
754 2511 801 2561 scd
815 2527 867 2576 per
885 2517 966 2562 totum
984 2511 1071 2562 orbem
1089 2511 1206 2562 dilatata
1224 2508 1278 2576 dis·

154 2593 294 2658 fundicum·
314 2579 452 2665 ideoque
474 2577 571 2642 fidem
593 2600 658 2641 non
679 2577 799 2641 habent
819 2576 1019 2659 catholicam,
1042 2579 1097 2663 qui
1118 2587 1193 2642 sunt
1214 2599 1279 2641 non

161 2661 196 2722 in
216 2669 291 2744 toto,
314 2662 401 2750 quod
415 2663 551 2727 redemit
567 2662 715 2728 Christus
736 2671 767 2726 et
788 2661 875 2748 quod
889 2662 1037 2746 regnabit
1051 2683 1123 2724 cum
1139 2659 1277 2742 Christo,

162 2743 220 2809 sed
240 2745 274 2809 in
294 2757 386 2832 parte
407 2746 525 2834 aliqua,
547 2747 679 2812 maioris
706 2746 783 2812 inde
805 2754 1037 2832 consequentes
1064 2745 1279 2810 damnationis

161 2831 362 2915 sententiam,
399 2841 557 2918 quotquot
588 2831 781 2896 confitentur
816 2831 850 2893 in
886 2828 1044 2914 symbolo,
1082 2851 1115 2894 se
1148 2828 1279 2894 credere

161 2923 306 2979 sanctam
326 2915 494 2982 ecclesiam
516 2915 714 2998 catholicam,
736 2923 769 2980 ct
790 2937 848 3001 per
868 2913 991 3001 aliquas
1013 2915 1154 3001 partium
1176 2922 1280 2978 sectas

162 2998 258 3062 divisi
289 3022 355 3064 non
386 3009 496 3066 tenent
526 3002 682 3066 unitatem
714 2997 879 3082 ecclcsiae,
909 3021 991 3098 quae
1023 2998 1145 3064 scilicet
1173 2999 1280 3062 unitas

161 3083 255 3147 iuxta
283 3084 370 3170 quod
396 3083 524 3171 legitur,
551 3084 764 3150 multitudinis
786 3083 986 3149 credentrum
1007 3105 1078 3149 esse
1104 3105 1159 3148 cor
1180 3099 1441 3154 unumecanaaa

162 3175 195 3232 et
215 3168 357 3233 animam
378 3191 485 3252 unam,
508 3171 659 3235 convenit
678 3169 809 3256 proprie
823 3167 1000 3233 catholicae
1016 3167 1181 3234 ecclesiae.
1214 3167 1282 3232 Sed

187 3275 222 3316 cr
251 3253 346 3331 diem,
375 3255 490 3340 inquit,
520 3253 568 3320 acl
594 3278 661 3320 non
689 3264 761 3318 uret
789 3263 817 3317 tc
839 3277 941 3340 neque
962 3254 1046 3317 luna
1063 3276 1127 3338 per
1148 3262 1417 3326 nocumentum.

158 3275 299 3422 hlystice
326 3337 430 3402 dictus
460 3337 509 3403 sol
534 3339 569 3402 in
591 3339 661 3402 Deo
690 3336 888 3422 intelligitur,
916 3345 948 3402 et
974 3338 1007 3400 in
1033 3335 1171 3402 ecclesia
1190 3359 1282 3422 prae·

162 3419 297 3505 figurate
320 3421 406 3486 dicta
433 3423 510 3488 luna
530 3421 728 3508 intelligitur.
773 3421 839 3486 Sed
864 3431 1018 3508 tanquam
1039 3445 1060 3486 a
1081 3421 1147 3486 sole
1168 3421 1280 3502 uritur,

161 3505 218 3591 qui
238 3504 273 3568 in
288 3505 415 3572 Christo
436 3506 682 3590 scandalizatur,
710 3506 843 3571 credens
865 3503 988 3592 aliquid
1009 3505 1115 3570 minus
1142 3506 1176 3568 in
1197 3504 1281 3570 Filio

162 3610 260 3674 quam
281 3590 316 3655 in
335 3591 432 3656 Patre
454 3601 486 3658 et
506 3591 628 3678 Spiritu
650 3599 772 3673 sancto,
795 3591 946 3677 quoniam
961 3591 1058 3655 Pater
1080 3598 1111 3654 et
1124 3588 1227 3654 Filius
1249 3599 1283 3656 et

162 3676 185 3738 S
211 3673 303 3740 iritus
325 3685 455 3742 sanctus
476 3699 558 3741 unus
574 3687 623 3742 est
636 3677 727 3741 Deus
742 3674 1022 3740 consubstantialis
1037 3683 1069 3740 et
1084 3685 1281 3740 coaeternus.

162 3695 276 3824 Iiiitur
297 3767 405 3826 autem
427 3769 581 3848 tanquam
602 3783 622 3825 a
642 3760 728 3842 luna,
752 3760 808 3846 qui
830 3758 1065 3824 scandalizatur
1085 3761 1119 3824 in
1137 3759 1281 3842 eeclesia,

164 3947 188 4001 a)
204 3951 282 3991 tcxllte
299 3952 320 3992 1.

165 4102 193 4165 1)
215 4102 255 4154 cf.
276 4101 405 4169 Cypriani
422 4101 505 4152 verba
529 4099 549 4151 l.
566 4116 590 4150 c.
617 4117 643 4167 p.
664 4099 735 4150 216:
763 4097 798 4150 Ar
817 4117 878 4152 uero
897 4099 963 4166 quin
981 4099 1078 4151 Christi
1091 4101 1208 4165 populus
1227 4115 1281 4149 non

159 4181 247 4240 potest
266 4174 360 4240 scindi,
380 4175 472 4226 tunice
490 4173 547 4226 eius
561 4189 613 4239 per
632 4181 713 4224 totum
732 4172 828 4226 tentilia
852 4183 876 4226 ct
894 4174 1035 4226 cohaerens
1055 4172 1144 4226 divim
1163 4189 1181 4222 a
1194 4172 1281 4237 poesi-

164 4248 285 4301 dcntihue
307 4267 362 4300 non
381 4256 427 4301 cet.
551 4247 581 4313 2)
601 4249 691 4314 Opera
709 4265 734 4313 p.
756 4247 819 4300 216.
939 4245 967 4314 3)
990 4248 1088 4300 Isidori
1112 4246 1282 4314 Hispalensis

164 4322 271 4387 etymol.
291 4322 310 4374 l.
329 4324 408 4387 VIII,
428 4325 517 4390 Opera
537 4321 579 4373 ed.
599 4320 714 4373 Arevalo
733 4321 786 4390 111,
805 4340 831 4389 p.
852 4323 915 4376 346.
