3098 4818
298 361 332 410 16
589 357 710 410 BRUNO
728 357 779 408 DE
797 357 916 408 BELLO
937 355 1124 408 saxomco

220 536 286 578 1⁰⁷³·
295 526 438 608 libidine,
453 526 601 612 quando·
616 524 737 606 volunt,
752 524 942 605 abutimtur3
956 534 1082 588 vestros
1096 545 1206 587 servos
1221 533 1254 587 et
1264 525 1417 605 iumenta,

297 610 453 698 quicquid
474 609 586 674 volunt
607 607 669 673 sibi
690 611 811 674 servire
831 609 1049 693 praecipiuut;
1071 609 1172 671 immo
1194 616 1227 671 et
1246 628 1304 670 vos
1326 608 1417 692 ipsos

296 697 330 759 in
351 694 461 760 liberis
483 693 626 758 humeris
644 693 758 757 vestris
774 691 935 778 quaelibet
950 714 1057 773 onera,
1079 690 1153 756 licet
1166 690 1270 771 foeda,
1286 701 1418 776 portare

297 778 502 864 compellunt.
547 778 613 842 Sed
641 777 770 862 quando
800 798 838 840 ea
864 799 947 863 quae
975 776 1085 839 futura
1112 785 1187 840 sunt
1212 785 1319 838 mente
1342 796 1419 838 con-

297 863 392 948 cipio,
421 865 484 928 ista
506 885 587 948 quae
609 883 695 924 nunc
716 861 868 942 toleratis,
902 859 1082 924 tolerabilia
1107 869 1197 944 puto.
1239 860 1417 945 Postquam

296 947 383 1012 enim
412 969 471 1010 sua
493 945 622 1011 castella
643 967 701 1030 per
721 954 821 1008 totam
843 955 961 1008 terram
982 953 1123 1008 nostram
1145 965 1204 1028 pro
1226 965 1284 1006 sua
1305 941 1418 1007 volun-

296 1039 361 1095 tate
383 1032 607 1112 construxerit,
628 1040 662 1094 et
682 1051 721 1094 ea
742 1027 898 1092 militibus
919 1029 1050 1091 armatis
1072 1038 1105 1092 et
1124 1028 1221 1092 rebus
1243 1028 1356 1091 ceteris
1373 1025 1417 1090 ad

297 1115 359 1178 hoc
379 1116 542 1200 negotium
565 1113 799 1200 pertinentibus
813 1111 1004 1198 impleverit,
1027 1122 1103 1176 tunc
1118 1133 1183 1175 non
1197 1110 1336 1196 amplius
1350 1112 1417 1174 iam

297 1199 383 1263 bona
407 1210 516 1263 vestra
540 1196 759 1298 particulatim
786 1196 933 1281 diripiet3
963 1195 1020 1260 sed
1041 1197 1189 1260 universa
1211 1217 1294 1280 quae
1315 1196 1418 1280 possi·

297 1281 380 1346 detis
406 1283 500 1346 vobis
523 1281 617 1346 simul
638 1283 684 1346 eri
708 1283 762 1360 iet,
791 1291 823 1345 et
842 1280 1026 1345 hominibus
1048 1281 1180 1344 advenis
1201 1289 1309 1343 vestra
1330 1277 1418 1342 bona

297 1365 445 1448 largiens,
468 1388 526 1430 vos
548 1368 646 1451 ipsos,
667 1303 787 1428 liberos
809 1375 842 1428 et
861 1366 1029 1449 ingenuos,
1051 1365 1234 1448 ignotorum
1249 1365 1417 1426 hominum

298 1471 407 1514 servos
434 1451 611 1534 praecipiet
638 1471 716 1512 esse.
761 1447 853 1528 Quae
875 1449 984 1512 omnia
1004 1446 1162 1533 numquid
1183 1448 1217 1510 in
1237 1449 1320 1511 νοεῖ)
1346 1447 1418 1511 fieri

208 1545 288 1586 aalma
297 1533 473 1619 patiemini,
489 1534 653 1597 fortissimi
666 1531 751 1596 viri?
783 1533 896 1597 Nonne
911 1534 1012 1596 emori
1027 1554 1086 1616 per
1099 1533 1249 1595 virtutem
1265 1540 1418 1615 praestat,

198 1605 394 1702 ⁰¹⁴⁸·²⁰·quam
422 1618 522 1680 vitam
550 1619 700 1680 miseram
728 1627 761 1680 et
780 1615 991 1696 inhonestam,
1019 1616 1076 1680 ubi
1097 1614 1223 1678 illorum
1247 1614 1418 1700 superbiae

193 1699 435 1768 ruariludibrio
465 1699 599 1782 fueritis,
627 1722 686 1786 per
712 1699 852 1764 dedecus
881 1699 1048 1764 amittere?
1092 1698 1184 1764 Servi
1213 1721 1286 1762 aere
1312 1699 1419 1783 parati

298 1785 416 1847 iniusta
436 1785 571 1870 imperia
592 1785 795 1849 dominorum
817 1806 883 1848 non
903 1783 1078 1869 perferunt,
1100 1793 1132 1847 et
1152 1804 1210 1846 vos
1225 1785 1258 1845 in
1271 1780 1419 1848 libertate

298 1869 382 1950 nati,
415 1889 519 1954 aequo
551 1869 659 1933 animo
692 1870 878 1933 servitutem
910 1866 1108 1933 tolerabitis?
1158 1867 1309 1930 Fortasse
1341 1867 1418 1965 quia

299 1951 463 2016 christiani
485 1955 571 2034 estis,
594 1963 793 2016 sacramenta
807 1953 876 2036 regi
891 1952 976 2016 facta
989 1950 1110 2014 violare
1124 1951 1253 2015 timetis.
1276 1949 1419 2036 Optime,

300 2035 356 2100 sed
379 2059 414 2100 re
438 2038 458 2105 i,
495 2037 584 2100 Dum
607 2036 704 2100 michi
726 2049 883 2116 rexerat,
905 2047 937 2100 et
958 2058 996 2100 ea
1018 2057 1099 2120 quae
1122 2045 1197 2098 sunt
1217 2035 1302 2118 regis
1324 2033 1419 2098 facie·

298 2119 365 2200 bat,
387 2059 573 2184 fidelitatem
596 2142 692 2205 quam
715 2122 744 2184 ei
765 2121 879 2201 iuravi,
900 2121 1057 2204 integram
1080 2129 1112 2182 et
1132 2118 1332 2202 impollutam
1354 2140 1418 2181 ser-

299 2205 389 2284 vavi3
415 2215 586 2290 postquam
613 2225 689 2266 vero
718 2215 787 2268 rex'
808 2226 877 2267 esse
905 2203 1058 2285 desivit⁰,
1087 2203 1139 2266 cui
1164 2203 1260 2266 fidem
1290 2223 1419 2267 servare

300 2285 461 2365 deberem,
489 2309 554 2350 non
583 2287 651 2353 fuit.
695 2287 810 2372 Itaque
836 2309 902 2351 non
932 2297 1043 2351 contra
1071 2309 1195 2370 regem,
1223 2285 1281 2349 sed
1307 2294 1420 2350 contra

300 2370 451 2434 iniustum
474 2393 564 2435 meae
585 2370 739 2434 libertatis
762 2381 957 2456 ereptorem;
979 2393 1044 2434 non
1066 2380 1178 2434 contra
1191 2371 1338 2455 patriam,
1361 2370 1419 2434 sed

201 2475 360 2538 aasepro
382 2455 487 2538 patria
508 2464 540 2518 et
561 2477 620 2540 pro
641 2454 788 2519 libertate
809 2477 891 2536 mea,
914 2478 1010 2540 quam
1032 2477 1127 2518 nemo
1149 2455 1252 2519 bonus
1266 2455 1329 2516 nisi
1344 2475 1419 2516 cum

300 2537 409 2600 anima
430 2537 525 2601 simul
546 2539 671 2618 amittit,
698 2560 789 2601 arma
809 2540 912 2624 capio,
935 2550 968 2604 et
987 2548 1024 2602 ut
1043 2560 1102 2603 vos
1125 2561 1163 2603 ea
1184 2559 1312 2602 mecum
1333 2559 1371 2600 ca
1395 2538 1420 2600 i-

300 2623 362 2685 atis
390 2621 568 2706 expostulo.
610 2623 713 2706 Igitur
739 2623 1008 2708 expergiscimini,
1036 2631 1068 2686 et
1097 2621 1304 2686 hereditatem
1327 2561 1420 2686 vobis

300 2726 321 2767 a
341 2707 529 2791 parentibus
556 2709 671 2770 vestris
699 2707 852 2789 relictam,
877 2705 986 2772 liberis
1007 2707 1124 2770 vestris
1146 2705 1331 2792 relinquite3
1360 2726 1420 2769 nec

299 2801 407 2854 vestra
436 2789 584 2854 socordia
611 2789 663 2855 vel
690 2790 813 2855 desidia
838 2813 898 2854 vos
926 2800 957 2854 et
984 2789 1105 2855 liberos
1133 2799 1257 2853 vestros
1287 2788 1418 2852 exulum

300 2872 467 2937 hominum
496 2895 603 2938 servos
632 2874 701 2938 fieri
727 2876 911 2959 permittite.
956 2873 1021 2938 Sed
1042 2896 1083 2937 ne
1106 2875 1255 2959 cuiquam
1277 2883 1419 2938 vestrum

302 2978 399 3020 causa
420 2979 485 3020 non
500 2960 577 3022 satis
591 2957 764 3022 vehemens
779 2959 935 3038 videatur,
981 2979 1023 3021 ua
1037 2957 1191 3024 adversus
1205 2980 1315 3042 regem
1330 2979 1420 3020 arma

302 3041 475 3124 capiamus,
497 3042 671 3126 praecipue
692 3063 760 3122 nos,
784 3045 839 3127 qui
860 3043 901 3107 ab
923 2981 1057 3106 iniantia
1079 3063 1151 3105 eum
1166 3042 1200 3103 in
1213 3051 1298 3104 terra
1312 3051 1421 3105 nostra

301 3125 442 3187 maxime
469 3125 662 3188 nutrivimus
688 3135 719 3189 et
745 3126 775 3188 ei
798 3148 875 3212 prae
898 3127 1012 3190 ceteris
1034 3125 1184 3208 gentibus
1207 3147 1283 3190 suae
1306 3124 1419 3188 ditioni

301 3205 451 3271 subiectis
472 3207 581 3271 fideles
603 3209 706 3292 magis
723 3210 918 3290 extitimus¹,
940 3232 1023 3273 unus
1047 3211 1161 3295 uisque
1177 3230 1260 3290 suas,
1283 3231 1362 3294 quas
1377 3208 1418 3272 ab

301 3313 339 3355 eo
360 3313 473 3375 passus
489 3300 536 3355 est
549 3293 691 3372 iniurias,
715 3315 821 3356 coram
838 3296 1040 3359 omnibusve
1065 3294 1092 3356 is
1108 3302 1264 3378 exponat3
1288 3303 1319 3357 et
1333 3302 1419 3374 tunc,

300 3384 408 3439 utrum
435 3376 513 3440 satis
541 3397 658 3460 magna
684 3378 858 3441 necessitas
890 3399 949 3440 nos
976 3377 1019 3442 ad
1051 3377 1185 3441 iniurias
1217 3375 1418 3462 repellendas

301 3471 405 3542 cogat,
427 3459 581 3522 iudicium
605 3481 775 3524 commune
797 3461 967 3526 decernat'.

385 3544 436 3607 26.
479 3543 567 3628 Ergo
586 3543 796 3608 Werinherus
817 3544 1125 3630 Magedaburgensis
1148 3544 1419 3628 archiepiscopus

303 3625 465 3689 civitatem
495 3649 586 3691 auam
608 3629 658 3692 bis
680 3651 700 3692 a
721 3651 797 3714 rege
820 3627 972 3693 caedibus
994 3639 1026 3693 et
1047 3628 1310 3714 praedationibus
1331 3627 1419 3690 inva-

303 3730 371 3771 sam
401 3708 544 3792 dicebat3
573 3720 604 3774 et
624 3721 790 3796 praeterea
812 3735 996 3776 communes
1018 3713 1149 3776 iniurias
1171 3735 1205 3775 se
1227 3733 1293 3775 non
1314 3712 1420 3774 minus

304 3789 411 3856 dolere
434 3815 531 3879 quam
553 3816 627 3858 suas
649 3795 820 3877 asserebat,
844 3805 875 3860 et
896 3797 952 3877 eis,
997 3797 1067 3860 uasi
1082 3795 1167 3860 solus
1183 3817 1292 3860 omnes
1307 3793 1421 3858 fuisset

302 3898 428 4026 passus,
450 3877 654 3942 obviaturum
677 3901 711 3942 se
732 3879 946 3964 promittebat.
1012 3879 1189 3944 urchardus
1203 3878 1331 3965 praesul
1344 3877 1421 3942 Hal·

190 3976 221 4032 *ρ
241 3981 291 4022 aas.
326 3961 509 4024 erstatensis
539 3962 740 4046 querebatur,
764 3965 840 4048 quia
860 3962 993 4048 praedia
1015 3964 1201 4028 *cuiusdam
1223 3962 1338 4027 nohilis
1359 3963 1421 4026 viri

303 4140 326 4194 a)
342 4143 374 4181 tto
391 4137 429 4192 1¹¹3
445 4141 570 4192 quamdiu
587 4144 607 4183 1.
668 4141 691 4195 b)
708 4155 730 4183 n.
747 4144 813 4184 vivos
830 4147 850 4186 1.
911 4142 932 4196 c)
950 4145 1037 4186 desinit
1053 4149 1072 4188 1.

304 4273 333 4338 1)
352 4273 471 4325 Primum
490 4274 627 4326 Saxonum
653 4283 745 4326 contra
770 4292 856 4342 repam
875 4275 1083 4328 coniurationem
1101 4276 1156 4328 iam
1175 4296 1201 4330 a.
1223 4279 1302 4329 1057.
1316 4279 1421 4343 factam

303 4363 366 4410 esse,
387 4348 543 4400 Lambertua
562 4357 656 4400 auctor
675 4357 721 4400 eat.
756 4348 793 4401 W.
