3116 4822
324 339 374 388 DE
394 337 552 388 UNI'l'ATE
571 337 776 390 EOOLESIAE
797 337 1074 392 CONSERVANDA.
1227 342 1262 391 35

139 505 218 571 fidei
253 504 382 570 dilectio
420 514 485 586 est,
527 506 612 569 siout
651 504 818 590 apostolus
853 517 1002 572 testatur:
1056 509 1171 589 Fides,
1214 509 1386 594 inausa,

141 592 265 738 paiens,
295 613 381 676 quae
408 611 473 673 per
500 589 704 690 dilectioueus
738 601 919 692 operatur..
949 591 1103 693 Undeet
1133 604 1262 658 sanctus

159 675 299 738 ohannes
328 671 510 760 apostolus:
544 674 667 755 Omnis,
694 686 809 774 inqurt,
832 685 981 761 sparetus,
1004 699 1062 760 que
1084 679 1414 764 confltetur,1,101,4‚2‚

141 761 248 824 Iesum
266 759 431 826 Christum
452 759 490 821 iu
513 781 613 822 carue
635 782 769 839 uenisse,
792 782 831 822 eac
850 761 920 824 Deo
937 771 991 825 est.
1020 759 1263 826 Confessionem

141 842 288 907 hocloco
310 864 377 907 non
392 841 496 906 solum
512 841 688 907 catholicae
703 842 789 926 fidei,
811 843 868 908 sed
890 854 922 908 et
937 846 1131 930 operationis
1148 845 1263 930 bonae,

141 949 224 1014 quae
256 927 293 991 fit
322 949 381 1013 per
410 927 588 1008 caritatem,
619 928 768 1013 requirit,
802 926 922 1014 alioqui
947 929 1092 994 nonnulli
1121 930 1263 1013 heretici,

141 1011 235 1076 multi
268 1012 452 1092 scismatici,
485 1011 542 1074 scd
574 1020 607 1076 et
638 1011 731 1075 multi
762 1010 834 1075 falsi
868 1013 1034 1078 christiani
1062 1015 1263 1096 confitentur,

140 1097 253 1162 Iesum
283 1095 446 1161 Christum
472 1095 507 1158 in
536 1116 633 1158 carne
662 1097 799 1176 venisse,
827 1095 884 1161 scd
913 1097 1145 1162 confessionem
1171 1121 1264 1164 suam

142 1179 238 1244 factis
264 1201 303 1244 ne
328 1189 391 1262 ant,
419 1201 485 1243 non
511 1177 659 1244 habendo
689 1181 864 1245 caritatem.
909 1181 1034 1246 Caritas
1057 1185 1177 1268 quippe
1198 1183 1264 1247 Dei

144 1263 246 1327 filiurn
279 1202 414 1329 adduxit
445 1264 487 1328 ad
520 1285 660 1346 carnem,
688 1275 721 1329 et
746 1263 820 1328 ideo
850 1275 956 1352 negat,
985 1265 1076 1330 illum
1103 1269 1137 1330 in
1167 1289 1263 1332 earne

143 1348 278 1430 venisse,
312 1350 458 1435 quisquis
490 1369 556 1412 non
588 1347 686 1413 habet
717 1351 893 1414 caritatem.
935 1351 1040 1436 Igitur
1073 1371 1154 1416 cus
1187 1351 1264 1417 fidei

142 1431 271 1497 dilectio
286 1446 344 1514 cst,
366 1432 423 1498 sed
437 1433 528 1496 Deus
543 1431 672 1497 dilectio
688 1443 745 1516 est,
769 1455 866 1518 quam
888 1434 967 1499 dicit
988 1374 1153 1520 apostolus
1173 1435 1402 1513 habi-nomas.

140 1528 209 1582 tare
230 1519 265 1580 in
280 1517 431 1581 cordibus
446 1517 606 1600 fidelium3
628 1517 709 1582 fides
732 1521 817 1582 enim
832 1529 888 1582 tua
909 1518 949 1582 de
965 1519 1093 1584 Christo
1116 1520 1263 1586 Christus

141 1612 191 1666 est
211 1602 245 1664 in
260 1601 357 1666 corde
373 1610 439 1666 tuo.
472 1601 508 1666 Si
529 1600 608 1666 fides
626 1606 660 1664 in
675 1601 780 1684 nobis,
803 1600 951 1666 Christus
973 1605 1007 1667 in
1022 1603 1131 1687 nobis3
1155 1627 1261 1690 quem,

141 1685 269 1751 scilicet
285 1686 405 1767 Iesum,
428 1683 533 1768 solvit,
556 1687 701 1771 quisquis
723 1687 820 1750 fidem
843 1685 989 1752 absolvit.
1026 1689 1094 1754 Sed
1110 1691 1263 1772 audistis,
1272 1702 1350 1742 usta.
1358 1702 1425 1756 ⁶2³³·

142 1771 258 1856 inquit,
270 1773 351 1856 puio
364 1771 486 1835 dictum
498 1779 544 1834 est
556 1772 721 1855 antiquis:
737 1771 826 1836 ‘Nou
832 1772 1012 1856 peierabis,
1027 1773 1143 1837 reddes
1156 1785 1263 1840 autem
1324 1761 1361 1802 ³⁴·

143 1855 286 1920 Domino
318 1856 556 1919 iusiurandum
585 1857 703 1936 tuum',·
736 1877 795 1940 epo
825 1865 932 1920 autera
962 1858 1035 1920 dico
1057 1858 1162 1938 cobis,
1195 1882 1262 1923 uou

142 1942 258 2004 iurare
287 1941 427 2004 omniuo.
467 1938 530 2002 His
557 1947 654 2023 atque
679 1937 750 2002 aliis
772 1938 837 2003 Dei
858 1938 1017 2004 mandatis
1046 1941 1176 2005 credere
1201 1942 1263 2006 hoc

144 2031 194 2088 est
219 2022 317 2087 fidem
346 2033 465 2104 tenere,
494 2022 556 2086 hoc
578 2038 627 2087 est
649 2022 812 2088 Christum
833 2025 867 2086 in
890 2023 1043 2088 cordibus
1065 2025 1263 2090 credentium

144 2106 300 2189 habitare,
330 2108 422 2171 cuius
451 2105 551 2172 verba
579 2129 644 2171 non
672 2117 809 2192 possunt
834 2105 927 2172 aliter
948 2109 1028 2190 fieri,
1051 2130 1148 2195 quarn
1169 2111 1263 2174 iuxta

142 2192 277 2258 verbum
292 2191 366 2274 Dei,
381 2191 468 2278 quod
483 2202 531 2256 est
547 2190 633 2256 filius
645 2191 722 2258 Dei.
744 2193 919 2278 Proposuit
934 2193 1020 2258 enim
1035 2195 1065 2258 ei
1079 2193 1166 2258 istud
1181 2193 1263 2280 legis

143 2276 341 2360 mandatum,
357 2277 413 2362 qui
422 2275 564 2340 nondum
576 2277 723 2340 ascendit
735 2277 777 2339 ad
789 2277 916 2342 culmen
927 2277 1162 2362 euangelicum:
1179 2279 1264 2343 Red-

144 2361 210 2442 des,
224 2361 383 2447 inquiens,
397 2361 540 2425 Domino
554 2363 773 2425 iuramentum
786 2371 877 2426 tuuut
884 2385 897 2443 ,·
912 2363 1001 2426 vobis
1017 2373 1133 2444 autern,
1147 2363 1263 2449 inquit,
1272 2387 1329 2428 stis.

143 2447 228 2526 dico,
252 2447 394 2530 quinon
415 2445 492 2509 estis
514 2443 674 2530 sublege,
696 2443 752 2510 sed
774 2444 835 2509 sub
853 2445 1041 2529 euangelica
1055 2447 1262 2532 perfectione,

144 2552 213 2592 nou
245 2531 360 2593 iurare
383 2531 523 2594 omuino.
566 2527 694 2592 Iustitia
715 2539 822 2593 autem
848 2528 1095 2594 Pharisaeorum
1117 2542 1175 2614 est,
1197 2553 1263 2596 non

145 2612 302 2696 occidere,
328 2636 393 2678 non
421 2613 576 2699 peierare.
625 2612 692 2678 Sed
718 2635 790 2676 rere
820 2613 892 2678 dico
921 2615 1020 2696 uobis,
1048 2616 1163 2702 inquit,
1194 2619 1424 2694 uisiuauaao.

145 2698 364 2763 abundaverit
384 2700 514 2762 iustitia
535 2706 643 2761 cestra
658 2697 741 2782 pius
764 2721 862 2782 quam
884 2697 1068 2764 scribarum
1091 2709 1120 2763 et
1140 2701 1259 2764 Phari-

142 2804 305 2865 saeorum,
327 2805 395 2847 uou
416 2783 584 2848 intrabitis
604 2783 643 2846 ia
664 2803 802 2867 repuuru
823 2781 995 2846 caetorum.
1038 2781 1261 2870 Quodcunque
1270 2809 1334 2850 seer.
1346 2809 1424 2863 aar.

143 2876 250 2931 autera
271 2869 406 2948 vovera,
428 2867 511 2930 sicut
527 2889 586 2951 per
601 2865 805 2930 Solomonem
821 2865 948 2948 dicitur,
969 2867 1078 2949 redde,
1100 2867 1262 2954 multoque

142 2950 258 3016 melius
280 2961 335 3032 est,
352 2963 424 3016 'nou
446 2973 570 3032 uouere,
592 2973 692 3034 quara
709 2961 787 3035 post
800 2959 908 3014 votum
918 2954 1085 3034 promissa
1106 2975 1170 3015 nou
1190 2953 1262 3016 red-

143 3035 226 3100 dere.
269 3035 429 3122 Displicet
457 3037 543 3099 enim
572 3034 645 3100 Deo
672 3033 809 3098 infidelis
839 3045 871 3100 et
899 3033 996 3099 stulta
1022 3037 1202 3121 promissio,
1230 3045 1262 3100 et

143 3121 174 3182 si
204 3122 242 3184 iu
273 3142 416 3184 vacuum
448 3120 570 3204 aliquis
598 3121 769 3200 iuraverit,
801 3142 869 3182 nou
901 3121 1144 3202 iustificabitur,
1178 3123 1262 3186 sicut
1271 3145 1377 3196 aceras,
1385 3145 1422 3187 14.

142 3204 299 3288 sapientia
313 3203 378 3267 Dei
393 3203 535 3290 loquitur
555 3205 589 3266 in
603 3201 685 3267 libro
700 3201 941 3267 Ecclesiastico.
963 3204 1124 3287 Audistis,
1146 3206 1261 3292 inquit,
1270 3222 1428 3273 Mettus&-

142 3291 223 3370 quia
234 3289 356 3352 dietum
368 3290 582 3372 estantiquis:
598 3287 864 3372 ‘Neopeierabia
877 3288 993 3352 reddes
1005 3299 1111 3354 autern
1118 3290 1261 3354 Domino

142 3373 360 3437 iuramentum
380 3375 490 3452 tuum’,
513 3372 570 3458 qui
590 3370 734 3436 nondum
757 3371 932 3436 ascendisti
953 3371 995 3435 ad
1017 3372 1144 3436 culmen
1166 3395 1262 3439 euan-

142 3454 292 3541 gelicum,
315 3455 373 3520 ubi
393 3455 584 3541 prohibetur
605 3457 735 3520 omnino
756 3456 982 3522 iuramentum.
1025 3456 1174 3544 Denique
1195 3479 1261 3522 non

141 3539 349 3625 implentibus
375 3562 413 3604 ea
440 3561 524 3627 quae
552 3541 692 3626 antiquis
719 3543 753 3603 in
779 3538 852 3624 lege
872 3540 1024 3606 iubentur
1053 3541 1261 3607 maledictum

141 3625 238 3690 etiam
259 3626 464 3710 proponitur:
493 3626 700 3706 Maledictus,
729 3625 843 3710 inquit,
871 3629 929 3710 qui
955 3647 1022 3690 nou
1037 3630 1262 3711 permanserit
1270 3647 1422 3701 renarras.

141 3711 179 3773 iu
206 3711 354 3774 aturribus
383 3732 466 3794 quae
488 3712 614 3794 scripta
636 3719 710 3774 suut
730 3712 768 3774 iu
789 3709 872 3774 libro
894 3708 985 3796 lepis,
1016 3721 1052 3774 ut
1067 3710 1182 3796 faciat
1210 3735 1259 3795 ea,

142 3803 171 3855 et
192 3803 351 3859 contestor
371 3794 460 3858 vobis
475 3816 540 3877 per
560 3791 685 3858 caelum
706 3803 735 3856 et
755 3803 887 3875 terram,
910 3793 1007 3878 quod,
1029 3797 1139 3860 siuou
1158 3805 1260 3861 custo-

142 3878 272 3942 dieritis
293 3879 456 3942 mandata
480 3878 606 3942 domiui
620 3877 686 3941 Dei
705 3879 813 3957 uestri,
829 3879 983 3964 peribitis
1006 3902 1027 3943 a
1032 3879 1128 3962 facie
1144 3889 1259 3944 terrae.

142 3960 240 4042 Quod
266 3963 294 4026 si
320 3962 481 4044 iubentur,
511 3962 567 4060 qui
595 3959 654 4024 sub
684 3961 835 4026 mandato
864 3961 943 4047 legis
973 3973 1048 4027 sunt
1076 3965 1168 4048 quasi
1199 3961 1258 4027 sub

141 4047 292 4132 paedago
316 4068 350 4128 o,
382 4048 572 4131 interposrta
608 4043 833 4110 maledictione
865 4046 1006 4110 Domino
1044 4047 1258 4111 iuramentum

142 4151 236 4194 suum
258 4069 402 4212 reddere,
431 4129 528 4218 quod,
550 4139 585 4193 ut
606 4149 706 4214 supra
727 4128 850 4193 dictum
872 4139 930 4211 est,
958 4129 1051 4194 datur
1073 4129 1133 4196 suh
1156 4151 1259 4195 saera·
1269 4164 1287 4196 ο.
1295 4155 1332 4197 14.

142 4225 249 4280 mento
264 4215 419 4297 veritatis,
441 4214 553 4278 iudicii
575 4225 608 4278 et
627 4213 777 4294 iustitiae,
800 4213 878 4300 quid
899 4213 954 4278 fiet
976 4213 1016 4278 de
1035 4213 1084 4278 his
1107 4215 1164 4314 qui
1187 4235 1259 4294 con-

141 4301 342 4384 stringuntur
369 4299 429 4364 sub
457 4301 580 4364 maiore
615 4307 814 4364 sacramento
848 4296 1040 4363 christianae
1071 4297 1260 4385 religionis?

989 4399 1028 4448 3*
