3098 4818
435 333 556 386 BRUNO
575 334 623 386 DE
642 334 761 386 BELLO
781 334 968 386 SAXONIGO.
1227 337 1261 385 41

143 509 261 648 pacata
281 510 459 650 regeretur,
487 501 557 588 ipse
585 501 619 565 in
644 523 754 566 eorum
775 499 883 564 locum
904 512 1046 602 peneret.
1092 502 1156 570 Sed
1178 507 1263 590 regis
1273 519 1341 563 1⁰¹⁸·

156 594 267 670 egatos
288 607 307 648 a
344 585 555 669 apostolicum
570 585 655 650 fama
669 595 896 670 praecesserat,
919 607 1011 673 e1que
1027 587 1141 651 seriem
1156 611 1264 654 rerum

143 678 305 753 gestarum
328 679 428 734 totam
442 669 600 734 veraciter
615 669 820 734 indicaverat.
853 669 943 733 Misit
958 692 1034 756 ergo
1049 673 1118 756 regi
1132 672 1263 756 litteras,

144 753 262 839 quibus
284 775 357 818 eum
379 752 419 816 de
442 752 550 818 multis
572 751 642 817 aliis
663 751 853 817 criminibus
874 752 1047 838 arguebat,
1081 764 1113 819 et
1140 765 1177 820 ut
1198 759 1264 843 epi-

144 857 260 921 scopos
281 857 301 900 a
323 838 507 922 captivitate
530 836 688 920 dimissos,
711 837 856 902 ecclesiis
871 835 1029 924 bonisque
1051 841 1118 902 suis
1140 841 1263 926 integre

142 920 314 1003 restitutis,
342 921 518 986 remitteret
545 921 670 1003 orabat,
703 932 736 986 et
757 919 929 1007 posthaec
952 921 1144 988 conciliuma
1169 925 1203 988 in
1225 947 1263 990 eo

141 1002 213 1069 loco
237 1025 299 1090 quo
322 1005 432 1070 venire
454 1015 563 1090 posset
583 1004 778 1090 apostolicus
801 1014 1020 1090 congregaret,
1042 1007 1099 1071 ubi
1119 1009 1263 1094 episcopi

142 1087 209 1169 vel,
238 1089 266 1152 si
288 1087 379 1174 digni
401 1098 516 1165 essent,
539 1088 753 1174 episcopalem
780 1089 953 1174 perderent
974 1089 1179 1174 dignitatern,
1211 1091 1263 1156 vel

142 1171 333 1236 iniuriarum
374 1193 454 1257 quas
492 1182 584 1237 erant
620 1173 707 1258 passi
741 1173 928 1238 canonicam
961 1175 1140 1260 reciperent
1172 1177 1262 1241 satis-
1319 1248 1326 1265 ‚

142 1253 322 1320 factionem.
367 1256 465 1337 Quod
493 1257 521 1320 si
547 1259 581 1320 in
607 1256 657 1321 bis
685 1259 784 1320 sacris
812 1256 988 1322 canonibus
1020 1257 1176 1325 noluisset
1203 1283 1263 1324 rex

143 1339 296 1405 obediens
323 1342 461 1405 existere
491 1350 523 1406 et
551 1341 846 1406 excommunicatos
868 1361 887 1403 a
908 1343 1060 1406 societate
1082 1364 1141 1407 sua
1161 1343 1262 1430 repel-

141 1422 221 1506 lere,
250 1446 285 1488 se
312 1447 386 1490 eum
409 1423 496 1490 velut
521 1434 615 1509 putre
644 1425 825 1490 membrum
852 1424 1063 1491 anathematis
1089 1427 1198 1513 gladio
1220 1427 1262 1492 ab

142 1508 265 1574 unitate
294 1518 422 1574 sanctae
445 1510 555 1574 matris
577 1508 731 1574 ecclesiae
752 1507 935 1574 minabatur
955 1508 1152 1576 abscindere.
1189 1510 1263 1592 Qua

140 1589 299 1676 legatione
314 1602 472 1677 suscepta,
494 1603 527 1658 et
541 1593 742 1658 venientibus
757 1595 823 1656 suis
839 1615 920 1679 quos
942 1594 1073 1660 miserat
1086 1595 1262 1680 apostolico

142 1677 339 1758 confirmata,
360 1678 459 1741 tristis
481 1676 577 1741 valde
598 1677 667 1757 fuit,
691 1679 767 1761 quia
781 1678 815 1740 in
829 1675 1005 1761 apostolica
1019 1678 1175 1762 dignitate
1197 1701 1262 1744 ma-

141 1757 228 1824 litiae
251 1781 336 1838 suae,
361 1761 443 1823 sicut
465 1759 644 1845 sperabatb,
667 1759 823 1824 auxilium
845 1782 910 1824 non
930 1762 1060 1826 invenit.

226 1845 276 1912 65.
321 1844 393 1908 Rex
414 1845 513 1928 igitur
535 1864 610 1908 cum
632 1844 698 1906 suis
720 1842 944 1928 deceptoribus
966 1866 1031 1908 una
1049 1845 1262 1910 Wormatiam

141 1927 244 2008 venit,
273 1936 305 1991 et
331 1949 405 1991 cum
431 1926 566 2012 singulis
589 1925 659 1990 vel⁰
686 1925 772 1990 binis
795 1925 963 1990 consilium
990 1928 1096 2010 inivit,
1127 1928 1263 2014 qualiter

142 2009 274 2095 dignam
303 2012 409 2076 vicem
441 2011 651 2096 rependeretd
684 2009 730 2074 illi
763 2009 988 2093 contumeliae,
1021 2034 1118 2097 quam
1151 2035 1261 2078 omnes

141 2093 309 2160 audierant
337 2095 518 2160 Romanum
545 2093 730 2180 pontificem
758 2094 821 2158 sibi
849 2094 980 2176 fecisse,
1008 2096 1095 2182 quod
1124 2119 1198 2160 eum
1227 2119 1261 2161 se

140 2179 280 2244 minatus
302 2179 343 2245 sit
364 2180 727 2261 excommunicaturum,
754 2201 829 2242 cum
851 2178 914 2243 tale
937 2178 1014 2265 quid
1036 2181 1161 2244 cunctis
1183 2191 1260 2244 tem-

140 2263 274 2349 poribus
296 2263 407 2329 fuisset
428 2264 615 2329 inauditum.
660 2261 807 2349 Cumque
830 2262 930 2328 multa
950 2262 1058 2329 multis
1079 2263 1183 2328 modis
1205 2263 1261 2328 diu

140 2346 330 2429 volutarent,
352 2350 481 2414 tandem
496 2347 688 2433 quibusdam
703 2370 813 2412 eorum
832 2347 962 2433 placuit,
984 2358 1020 2412 ut
1034 2349 1260 2435 episcoporum

142 2431 276 2495 concilio
305 2432 388 2496 facto
415 2453 535 2518 papam
564 2432 656 2517 quasi
684 2432 895 2496 simoniacum
919 2433 1081 2496 communi
1103 2453 1260 2496 consensu

141 2515 322 2595 damnaret,
351 2537 453 2600 eoque
481 2515 643 2601 deposito,
672 2537 732 2580 rex
760 2517 794 2578 in
822 2514 893 2580 loco
915 2516 984 2580 eius
1007 2537 1108 2579 unum
1130 2515 1170 2580 de
1192 2517 1259 2580 suis

141 2599 253 2664 amicis
269 2601 483 2680 constitueret,
507 2600 562 2684 qui
577 2599 684 2662 omnia
706 2621 788 2684 quae
806 2601 876 2685 regi
890 2600 1025 2663 fuissent
1045 2599 1173 2684 placita,
1194 2609 1261 2664 tota

140 2681 303 2748 voluntate
335 2683 511 2768 perliceret.
558 2682 628 2746 Hoc
660 2683 758 2767 igitur
789 2683 868 2746 inito
902 2682 1154 2768 confirmatoque
1187 2705 1260 2748 con-

142 2765 212 2831 silio
242 2767 317 2831 fecit
346 2789 456 2832 omnes
486 2787 560 2831 suos
590 2767 759 2851 episcopos
789 2767 976 2847 convenire,
1010 2777 1042 2831 et
1061 2768 1178 2851 coegit
1204 2787 1259 2831 eos

140 2850 378 2932 Hildebrando,
404 2851 459 2938 qui
481 2851 644 2914 Romanus
667 2849 815 2935 pontifex
836 2857 1006 2914 vocaretur
1029 2859 1060 2914 et
1080 2873 1145 2916 non
1167 2859 1259 2932 esset,

140 2934 371 3002 subiectionem
387 2945 418 3000 et
433 2933 647 2999 obedientiam
662 2933 869 3017 interdicere3
891 2945 923 2999 et
936 2934 998 2999 hoc
1012 2944 1049 3000 ut
1068 2944 1141 3021 post
1154 2932 1263 2998 nullus

141 3041 252 3084 eorum
279 3029 388 3105 posset
414 3041 548 3104 negare,
581 3017 656 3082 fecit
685 3040 785 3082 unum
813 3040 972 3104 quemque
994 3040 1104 3083 eorum
1131 3019 1259 3083 nomine

140 3125 197 3168 suo
234 3112 422 3201 praenotato
461 3125 558 3166 manu
596 3104 727 3188 propria
760 3102 1007 3188 abnegationem
1038 3101 1259 3168 Hildebrando

141 3186 259 3251 chartis
281 3185 416 3271 singulis
437 3186 612 3251 inscribere
634 3185 695 3250 hoc
721 3185 833 3250 modo:
863 3188 935 3272 Epo
964 3188 1023 3252 Na
1046 3189 1189 3251 civitatis
1214 3187 1259 3250 N.

140 3295 156 3336 a
181 3273 312 3355 iscopna
335 3272 564 3335 Hildebrando
586 3271 813 3336 subiectionem
838 3281 867 3334 ct
892 3273 1106 3336 obedientiam
1132 3294 1172 3336 erc
1197 3271 1259 3334 linc

163 3376 224 3419 ora
245 3363 274 3419 at
295 3355 446 3440 deinceps
467 3356 642 3436 interdico,
663 3365 692 3419 ct
713 3378 785 3418 cnm
801 3357 942 3438 posthac
966 3354 1181 3438 apostolicam
1202 3376 1259 3419 nec

141 3439 261 3503 habebo
284 3461 342 3503 nec
363 3441 493 3503 vocabo.
531 3437 627 3518 Quod
643 3437 773 3523 quidem
818 3439 890 3502 auci
911 3438 1057 3502 fecerunt
1077 3460 1119 3501 ex
1141 3437 1258 3518 animo,

141 3523 197 3606 qui
211 3531 244 3586 et
257 3532 402 3588 auctores
417 3523 479 3608 ipsi
500 3522 588 3586 fuere
604 3520 752 3604 consilio,
774 3460 882 3606 plures
896 3543 972 3586 vero
993 3520 1114 3586 litteras
1129 3521 1260 3606 quidem

140 3606 431 3672 abrenunciationis
459 3607 571 3671 mortis
600 3607 714 3670 timore
742 3608 953 3691 scripserunt,
986 3604 1043 3669 sed
1075 3605 1191 3669 invitos
1225 3628 1259 3669 se

139 3689 254 3754 fecisse
283 3713 341 3774 per
368 3689 430 3754 boc
460 3690 680 3770 ostenderunt,
714 3691 789 3775 quia
817 3711 890 3754 cum
920 3690 1061 3775 primum
1091 3688 1184 3753 datur
1211 3690 1259 3753 eis

141 3775 348 3858 oportunitas,
371 3773 546 3873 apostolico
568 3773 730 3859 supplices
753 3773 961 3838 confessionis
982 3771 1102 3838 litteras
1117 3772 1260 3858 dirigunt

141 3866 173 3922 et
204 3880 238 3922 se
270 3879 341 3923 reos
375 3879 405 3921 er
436 3881 455 3921 a
501 3869 628 3939 canunt,
667 3856 724 3922 sed
761 3860 1027 3942 expurgationem
1059 3858 1259 3922 necessitatis

141 3941 327 4006 obtendunt.
366 3942 452 4006 Dein
475 3964 565 4028 eper
579 3951 677 4007 totam
700 3939 826 4006 Italiam
848 3943 937 4006 misit
951 3939 1112 4026 epistolas,
1134 3941 1259 4026 magnis

141 4025 233 4089 donis
262 4035 294 4089 et
319 4025 496 4090 maioribus
525 4027 690 4111 promissis
719 4023 803 4089 illius
832 4035 935 4090 terrae
964 4025 1129 4149 principes
1155 4024 1190 4087 in
1214 4023 1259 4087 fa·

140 4131 250 4174 vorem
290 4131 365 4175 suae
406 4111 506 4196 partis
544 4109 709 4174 inclinans.
763 4109 877 4195 ltaque
909 4117 1065 4172 nostrates
1115 4109 1259 4194 episcopi

141 4281 165 4335 a)
181 4283 203 4326 h.
224 4285 249 4324 ln
272 4295 336 4326 conc.
360 4286 380 4324 1.
441 4281 465 4334 b)
482 4287 586 4334 sperarat
601 4284 622 4324 1.
683 4284 703 4337 c)
725 4285 757 4324 ita
777 4285 802 4335 23
825 4285 874 4324 tllts
892 4285 912 4324 1.
936 4277 971 4322 1¹³.
1036 4278 1059 4332 d)
1075 4281 1107 4320 tto
1130 4281 1175 4321 edd.
1193 4285 1258 4332 rana,-

138 4343 262 4393 repelleret
279 4346 298 4385 1.
358 4344 381 4394 e)
399 4345 462 4384 enim
479 4345 499 4384 1,
561 4342 718 4394 oTentonicl
733 4345 754 4385 t.
