3116 4822
256 413 292 464 46
445 413 497 463 DE
515 409 675 463 uulnera
693 408 899 461 sconsam:
919 407 1195 462 CONSERVANDA.

256 589 414 662 tenemus,
457 579 513 664 qui
550 579 642 643 bonis
684 577 833 641 omnibus
877 575 1112 640 consentientes
1155 594 1280 655 sumus,
1347 572 1378 635 ui

257 685 372 750 paoem
406 683 552 726 amamus
588 670 620 726 et
653 660 885 725 fraternitatem
918 658 1098 744 diligimus,
1135 659 1192 746 qui
1223 596 1379 744 imperili-
1410 679 1413 684 ·

257 769 330 812 mus
365 745 536 826 honorem,
580 746 633 809 cui
667 742 823 808 debemus
857 741 1026 824 honorem,
1071 743 1127 828 qui
1161 742 1254 806 iuxta
1287 761 1378 826 prae·

126 834 388 917 strennuum
398 830 487 893 Petri
501 827 639 915 apostoli
660 827 797 892 subiecti
818 849 929 892 sumus
952 829 1040 891 omni
1062 835 1227 891 creaturae
1248 833 1381 912 propter

147 893 227 934 Μ’
258 915 383 995 Deum,
418 913 485 977 sive
519 913 589 998 regi
623 924 776 999 tanquam
810 910 1015 998 praecellenti
1046 911 1116 975 sive
1145 907 1283 974 ducibus
1312 917 1380 974 tan·

259 1018 358 1086 quam
379 994 420 1061 ab
443 1018 481 1061 eo
503 997 619 1078 missis,
647 1005 679 1061 et
700 1018 765 1060 non
793 1004 918 1060 tanturn
945 995 1038 1061 bonis
1065 1002 1098 1060 et
1124 993 1290 1074 modestis,
1323 991 1381 1057 sed

258 1082 356 1147 etiam
385 1078 536 1166 dyscolis,
570 1079 605 1143 id
632 1089 682 1144 est
706 1079 964 1165 indisciplinatis,
991 1080 1048 1165 qui
1074 1077 1264 1143 confitemur
1288 1077 1381 1141 iuxta

139 1151 249 1252 *32¹³
258 1164 438 1230 doctrinam
467 1162 559 1228 Pauli
587 1162 734 1249 apostoli,
768 1163 888 1228 bonum
917 1185 987 1228 esse
1014 1172 1046 1228 et
1073 1171 1243 1248 acceptum
1271 1181 1380 1226 coram

258 1248 417 1315 salvatore
439 1247 511 1312 Deo
534 1256 654 1329 nostro,
685 1248 741 1333 qui
768 1267 879 1312 omnes
906 1247 1052 1311 homines
1081 1245 1152 1310 vult
1176 1244 1282 1310 salvos
1308 1245 1380 1310 fieri

258 1332 353 1398 etad
374 1332 573 1417 agnitionem
594 1331 737 1396 veritatis
763 1331 884 1412 venire,
912 1340 949 1396 ut
968 1332 1109 1416 primum
1131 1330 1273 1393 omnium
1301 1327 1383 1392 fiant

258 1415 514 1504 obsecrationes,
550 1415 720 1494 orationes,
754 1413 997 1499 postulationes,
1032 1415 1208 1499 gratiarum
1236 1413 1379 1478 actiones

258 1519 318 1585 pro
348 1497 496 1563 omnibus
526 1496 721 1579 hominibus,
755 1520 814 1584 pro
843 1499 975 1584 regibus
1004 1507 1037 1564 et
1070 1495 1221 1562 omnibus
1256 1499 1313 1582 qui
1345 1497 1379 1560 in

258 1580 455 1648 sublimitate
476 1591 560 1664 sunt,
581 1592 618 1646 ut
639 1583 781 1668 quietam
802 1593 834 1648 et
854 1580 1060 1668 tranquillam
1081 1583 1179 1646 vitam
1195 1601 1332 1666 agamus
1345 1581 1378 1643 in

259 1668 347 1730 omni
368 1668 488 1751 pietate
510 1674 543 1729 et
564 1666 720 1748 castitate,
742 1687 800 1730 nos
821 1689 910 1749 vero,
933 1668 990 1752 qui
1011 1675 1161 1752 optamus
1184 1667 1282 1730 etiam
1304 1685 1379 1728 cum

148 1749 425 1898 resanpropheta,
455 1749 527 1813 dari
548 1750 648 1835 capiti
669 1759 778 1815 nostro
799 1771 917 1838 aquam
938 1761 971 1815 et
993 1749 1093 1814 oculis
1112 1750 1232 1814 nostris
1259 1749 1379 1813 fontem

269 1853 474 1916 summarum,
496 1843 533 1898 ut
553 1833 717 1920 ploremus
739 1835 792 1899 die
806 1855 845 1899 ac
860 1843 955 1899 nocte
969 1836 1152 1898 interfectos
1166 1831 1252 1897 filiae
1267 1830 1379 1920 populi

257 1918 368 2000 nostri,
390 1939 461 1997 nos,
483 1919 626 2003 inquam,
648 1918 848 2004 praeiudicat
863 1917 916 1983 ille
931 1920 1078 2004 scriptor,
1101 1915 1220 2000 dicens,
1235 1937 1294 1981 nos
1308 1936 1380 1980 esse

258 2003 456 2067 scismaticos
471 2012 503 2066 et
517 2000 677 2067 hereticos
698 2011 731 2068 et
745 2004 1050 2084 excommunicatos,
1072 2001 1150 2088 quia
1162 2001 1271 2086 regiae
1289 2008 1379 2087 pote-

258 2087 333 2151 stati
354 2107 417 2151 non
439 2086 617 2150 resistimus
639 2096 672 2150 et
714 2087 769 2150 uia
788 2085 946 2151 Clementi
967 2107 1072 2171 papae
1094 2085 1379 2149 communicamus.

341 2171 372 2234 4.
419 2168 510 2243 Quid
545 2107 750 2248 inuiolabile,
785 2170 891 2256 inquit
899 2183 920 2250 ¹,
954 2171 1110 2254 baptismi
1141 2179 1380 2234 sacramentum

259 2253 353 2336 apud
374 2254 575 2317 scismaticos
596 2264 626 2318 et
647 2253 801 2318 beretioos
823 2264 852 2319 et
866 2257 1160 2319 eoecommunicatos
1175 2253 1291 2333 aulem,
1315 2253 1377 2316 Isi-

258 2335 360 2400 dorus
376 2337 414 2400 iu
429 2335 674 2422 Allaporiarum
688 2335 773 2402 libro
794 2360 895 2422 super
912 2336 1051 2403 limesia
1067 2337 1244 2404 declarut¹.
1271 2334 1381 2410 ‘Quod

253 2429 390 2504 praeter
412 2421 551 2500 arcum',
582 2422 645 2502 cit,
675 2423 791 2485 ‘omnis
813 2445 900 2504 coro,
932 2444 1030 2508 quam
1051 2431 1141 2485 terra
1168 2420 1379 2500 sustentabat,

258 2501 385 2568 diluvio
419 2515 613 2588 consumpta
646 2514 708 2586 est,
746 2505 923 2590 sipuificut,
959 2507 1041 2591 quia
1064 2515 1200 2590 praeter
1228 2503 1381 2569 ecclesiae

257 2587 440 2651 societatem
467 2609 556 2673 aqua
583 2588 751 2673 baptismi,
774 2593 945 2674 quamuis·
972 2591 1084 2654 eadem
1104 2590 1163 2669 sit,
1190 2610 1257 2654 uon
1275 2585 1381 2652 solum

256 2693 324 2735 non
344 2669 430 2736 odiet
451 2673 496 2735 ad
517 2671 661 2754 surram,
684 2673 741 2737 sed
755 2673 841 2737 odet
851 2675 966 2758 potius
981 2673 1027 2738 ud
1035 2673 1235 2758 perniciem’.
1268 2671 1381 2737 Scien-

257 2755 336 2820 dum
351 2764 469 2836 cunm,
485 2756 572 2840 quod
593 2756 787 2904 ll'e'pberdus
803 2757 936 2843 urpuit³
953 2757 1128 2824 catholicos
1143 2777 1296 2837 asserere,
1317 2755 1380 2820 illa

257 2859 343 2924 quae
356 2838 448 2921 fiunt
469 2849 564 2904 satra
585 2863 636 2905 coc
666 2843 752 2904 siam
774 2851 983 2906 sacramente
1004 2863 1071 2906 non
1101 2862 1169 2906 esse
1197 2863 1254 2904 nec
1285 2839 1381 2904 aliud

257 2943 357 3006 quam
380 2922 626 2988 damnationem
647 2923 802 3012 cuiquam
817 2923 975 3009 conferre,
999 2935 1160 3006 astruens,
1182 2923 1270 2990 tuml
1285 2933 1379 2988 entra

257 3025 358 3090 quam
379 3006 471 3069 intra
494 3005 688 3072 catholicum
709 3007 875 3072 ecclesium
898 3008 977 3072 baec
1000 3011 1110 3073 omnia
1141 3017 1219 3071 ratu
1244 3017 1273 3072 et
1301 3028 1381 3070 aaa

258 3090 406 3170 asistere,
429 3091 626 3190 assumitque
647 3093 686 3155 iu
708 3093 927 3156 testimonium
949 3093 1142 3158 assertionis
1163 3112 1243 3156 suos
1262 3089 1379 3176 Auqu·

259 3172 340 3237 atini
354 3173 546 3237 sonantium
559 3195 597 3238 sn
612 3173 754 3260 quodam
771 3186 916 3240 tractatu
936 3177 975 3241 in
996 3175 1204 3262 euunpelium
1219 3175 1381 3240 Iobunuis

258 3266 374 3320 cenna
395 3255 612 3341 rebaptizatos
634 3259 764 3325 editam.
804 3261 868 3324 ‘Itu
889 3261 986 3346 erpo’,
1008 3261 1119 3346 inquit
1138 3257 1347 3345 Aepustinus
1354 3265 1379 3338 ⁴,

258 3346 327 3405 ‘nec
339 3339 436 3425 foris
458 3343 543 3406 sicut
563 3363 622 3408 nec
648 3343 740 3407 intus
761 3346 946 3435 quisquam,
976 3345 1035 3428 qui
1061 3365 1102 3407 eu
1125 3351 1225 3429 parte
1254 3341 1381 3408 diaboli

258 3434 313 3506 est,
323 3433 438 3572 potest
450 3423 500 3488 ael
521 3427 559 3489 in
581 3449 614 3492 se
635 3425 685 3490 uel
705 3429 743 3491 in
765 3433 929 3513 quoquam
945 3426 1114 3493 maculare
1128 3436 1380 3506 sacramentum,

258 3529 322 3592 quo
375 3507 498 3574 Obristi
526 3512 589 3574 est.
642 3507 749 3584 Quum
778 3521 807 3576 et
835 3533 895 3576 nos
922 3514 1114 3577 sententiam
1129 3511 1277 3659 lideliter
1312 3531 1381 3574 um·

251 3589 426 3676 plectentes
446 3594 691 3676 respondemus,
713 3595 772 3659 boc
788 3592 1012 3680 Aupustinum
1032 3597 1072 3661 de
1094 3617 1128 3660 so

260 3673 444 3760 opobatum,
471 3675 626 3762 baptismi
647 3677 771 3744 diuisae
792 3689 1006 3744 sacramento.
1049 3679 1095 3744 Et
1122 3617 1171 3743 id’
1184 3595 1381 3761 iilrilsdeipidildb

258 3755 427 3906 ppistolae:
448 3759 647 3826 Intuendum
669 3763 777 3842 etiam,
806 3761 922 3865 inquit,
943 3763 1032 3864 quod
1052 3765 1111 3850 qui
1137 3760 1308 3848 Wipberdo
1330 3758 1381 3824 ael

293 3840 440 3908 anricbo
449 3842 582 3926 favent,
597 3855 655 3909 aut
669 3845 858 3928 temporalis
871 3847 1030 3912 commode
1043 3857 1191 3932 respectu
1205 3842 1254 3909 uel
1264 3844 1380 3908 buma-

258 4047 282 4103 s)
299 4059 368 4102 qnam
384 4051 465 4091 estem
481 4051 511 4092 sit
525 4052 560 4092 vis
578 4054 598 4094 1.
659 4051 908 4106 b)iam1.1‹'reterue
923 4055 1047 4096 sumserit.
1113 4052 1135 4106 o)
1151 4055 1282 4104 angebatur
1298 4055 1318 4096 1.

260 4208 289 4276 1)
309 4212 355 4264 So.
374 4210 557 4276 adversarium
583 4211 617 4263 ci.
636 4213 838 4279 praefationem.
914 4213 943 4280 2)
968 4214 1068 4266 Isidori
1092 4213 1264 4281 Hispalensis
1289 4215 1380 4280 Opera

258 4283 302 4336 ed.
327 4283 443 4336 Arevalo
467 4285 500 4348 V,
526 4302 551 4352 p.
577 4284 639 4336 288.
713 4287 744 4352 3)
769 4286 802 4337 In
826 4287 875 4338 illa
907 4285 1030 4356 epistula,
1055 4286 1126 4338 Just
1151 4288 1185 4350 V,
1217 4287 1279 4342 14⁷.
1316 4284 1378 4341 148.

255 4355 288 4424 4)
302 4353 344 4409 Oi.
355 4356 498 4424 Augustini
511 4357 544 4408 ds
558 4358 692 4424 baptismo
703 4365 797 4412 contra
808 4361 965 4413 Donatistae
983 4360 1060 4422 1.1v‚
1071 4361 1097 4420 b,
1116 4361 1207 4428 Opera
1217 4361 1266 4426 IX,
1277 4377 1304 4427 p.
1317 4359 1380 4410 124.
