3098 4818
289 350 327 400 ta
589 345 710 398 BRUNO
728 346 778 396 DE
796 345 915 396 BELLO
935 343 1123 396 saxonico.

215 539 280 580 ross.
292 515 409 582 Paucis
424 514 520 596 enim,
539 514 623 578 sicut
637 521 764 611 tempus
778 511 972 598 postulabat,
985 511 1093 576 verbis
1107 511 1286 597 respondit:
1309 509 1420 584 ‘Sicut

191 597 249 649 Μ·
260 599 280 640 ⁷·
293 599 408 681 videc',
430 598 552 680 dicens,
574 597 618 660 ‘in
640 595 788 662 cubiculo
804 596 914 661 domni
929 597 1015 682 regis
1029 594 1178 661 besterna
1199 604 1293 660 nocte
1307 595 1419 660 nullus

293 693 436 750 vestrum
468 703 520 746 me
546 681 638 746 vidit.
682 679 747 744 Sed
773 679 961 746 festinemus
987 679 1031 746 ad
1057 680 1178 744 amicos
1206 690 1341 760 nostros,
1372 702 1419 744 ne

293 789 352 832 nos
381 766 504 830 inimici
530 775 662 850 repente
694 763 935 850 deprehendant
962 761 1132 828 incautosi’
1174 763 1277 828 Erant
1305 774 1416 829 autem

294 872 360 916 non
381 849 476 935 longe
498 858 537 912 a·
558 868 659 934 parva
682 847 848 912 Saxonum
877 847 1018 933 legionc3
1052 868 1133 934 quos
1162 869 1236 912 cum
1265 845 1311 910 illi
1336 870 1416 912 suos

292 943 443 1034 putarent
464 943 496 998 et
516 933 581 995 iarn
603 954 639 996 se
659 953 763 1018 paene
778 941 890 1017 captos
904 940 1129 1016 agnoscerent:
1152 932 1309 1016 ‘Pergite',
1331 931 1420 998 dixit

297 1017 360 1100 illc,
384 1026 392 1058 ‘
416 1039 458 1082 uo
480 1015 595 1098 vultis3
617 1037 679 1101 ego
701 1016 781 1080 meis
802 1015 961 1100 adiungat
981 1016 1093 1080 amicis
1101 1017 1118 1078 i’

379 1039 431 1165 (dl.
474 1098 727 1181 Willehalmusl,
751 1101 889 1164 Gerenia
911 1100 1037 1164 comitis
1066 1097 1161 1180 filius,
1191 1120 1264 1164 cum
1291 1108 1416 1164 temere

294 1186 407 1272 paucis
429 1196 484 1248 sec
507 1182 734 1248 comitantibus
755 1184 825 1264 iret,
847 1181 888 1247 ab
905 1183 1127 1265 Everhndod,
1150 1183 1206 1268 qui
1228 1182 1268 1248 de
1289 1183 1415 1268 magni-

294 1270 406 1334 tudine
434 1268 554 1334 barbae
582 1289 742 1353 agnomen
771 1266 920 1348 habebat,
950 1290 992 1332 ex
1013 1269 1190 1352 improviso
1216 1267 1350 1351 capitur,
1382 1277 1418 1332 et

295 1354 450 1420 Heinrico
480 1351 610 1416 domino
643 1373 701 1416 suo
730 1373 848 1436 magna
874 1371 949 1436 pars
978 1351 1132 1437 triumphi
1158 1351 1416 1436 praesentandus

292 1459 313 1500 a
333 1435 488 1501 militibus
510 1437 576 1500 suis
598 1437 743 1518 ducitur3
775 1437 845 1520 ipsc
873 1456 951 1500 vero
973 1456 1038 1499 non
1058 1434 1112 1498 lon
1136 1457 1163 1515 e,
1195 1434 1287 1520 qussi
1307 1457 1347 1500 ne
1369 1433 1413 1498 ab

292 1519 455 1606 aliquibus
483 1520 637 1617 eripiatur
654 1519 865 1666 lprospiciens
893 1519 1082 1604 insequitur.
1113 1458 1168 1583 glit
1194 1539 1269 1582 ecce
1299 1519 1415 1603 copiae

294 1603 460 1669 Saxonum
483 1624 621 1666 maiores
643 1603 653 1665 i
678 1603 685 1617 ‘
709 1603 749 1668 de
764 1601 863 1668 latere
877 1604 1019 1680 veniunt,
1041 1612 1169 1668 etcum
1190 1623 1256 1666 non
1275 1601 1415 1666 multum

293 1710 328 1756 re
352 1695 527 1772 ugnantem
550 1687 644 1750 citius
667 1686 827 1752 occidunt.
871 1686 968 1767 Quod
989 1686 1135 1752 videntes
1164 1684 1210 1750 illi
1232 1686 1308 1772 quie
1331 1686 1414 1752 Wil-

292 1711 465 1838 lelialmum
489 1769 659 1851 ducebant,
688 1773 756 1836 eius
784 1769 884 1852 obliti,
913 1771 956 1834 ad
978 1793 1071 1834 suum
1094 1769 1260 1834 dominum
1281 1769 1413 1836 festina-

291 1856 379 1922 bant.
423 1854 481 1920 Ille
502 1877 588 1937 vero,
611 1856 662 1920 sui
682 1877 749 1919 non
770 1853 896 1938 oblitus,
920 1864 1039 1941 quanta
1060 1855 1165 1940 potuit
1178 1853 1348 1919 velocitate
1369 1855 1414 1919 ad

292 1961 367 2009 suos
389 1950 443 2011 est,
458 1961 616 2004 reversus.

379 2025 448 2088 100.
492 2024 620 2088 Interea
640 2022 708 2086 dux
724 2022 802 2088 Otto
825 2031 856 2087 et
870 2021 1053 2086 Fridericus
1074 2020 1186 2108 palatii
1207 2021 1415 2108 praefectusr

292 2107 334 2174 de
357 2105 666 2192 symersenburohs,
696 2107 830 2170 diversis
859 2107 893 2168 in
914 2104 1062 2191 partibus
1088 2107 1205 2170 acriter
1232 2116 1413 2191 pugnantes
1530 2109 1531 2122 ¹

292 2213 358 2258 non
383 2202 457 2256 ante
486 2199 700 2272 cessaverunt,
730 2211 827 2276 quam
848 2188 1039 2254 Heinricum
1067 2211 1141 2253 cum
1170 2187 1318 2254 omnibus
1345 2193 1414 2256 suis

292 2275 335 2339 ad
355 2274 467 2360 fugam
488 2282 671 2358 coegerunt,
693 2295 813 2360 eosque
834 2273 994 2358 fugientes
1012 2284 1077 2339 tarn
1093 2273 1149 2337 diu
1172 2283 1246 2338 sunt
1265 2275 1413 2356 insecuti,

293 2358 396 2422 donec
418 2379 473 2422 eos
501 2377 592 2433 muro
614 2355 878 2442 Wirceburgensi
898 2356 1054 2421 videbant
1081 2356 1211 2422 includi.
1256 2357 1322 2422 Sed
1343 2359 1413 2422 Fri-

293 2441 420 2506 daucus
449 2442 604 2523 nesciens,
638 2440 717 2528 quid
740 2441 817 2507 Otto
848 2441 916 2504 dux
938 2442 1067 2526 egisset,
1099 2440 1142 2504 ad
1169 2439 1276 2506 locum
1297 2442 1414 2589 proelii

292 2525 473 2610 tripudians
499 2526 684 2608 revertitur;
718 2526 794 2612 quia
826 2523 878 2590 ille
905 2527 960 2611 qui
987 2525 1108 2610 fugatis
1136 2523 1282 2590 hostibus
1316 2548 1412 2590 ocum

295 2608 403 2674 caedis
426 2608 630 2693 obtinueritl,
652 2611 756 2674 victor
769 2609 914 2674 habetur.
953 2609 1030 2675 Otto
1044 2630 1121 2673 vero
1143 2608 1211 2672 dux
1231 2631 1297 2673 non
1316 2609 1415 2696 longe

317 2704 367 2758 ost
399 2693 513 2760 eodem
544 2715 708 2775 reversus,
740 2695 811 2757 visa
843 2703 933 2758 tanta
965 2691 1167 2757 multitudine
1194 2693 1329 2778 putabat
1357 2716 1415 2758 eos

292 2715 400 2843 buttes
422 2799 510 2858 esse,
539 2788 572 2842 et
599 2778 688 2864 quiai
715 2777 808 2842 valde
830 2777 933 2842 fessars
955 2786 1032 2859 erat,
1061 2799 1126 2840 non
1156 2776 1307 2842 credebat
1334 2777 1416 2843 utile

293 2863 436 2926 cumeis
463 2883 607 2947 pugnam
634 2862 787 2948 incipere.
829 2861 919 2926 Misit
947 2871 1054 2926 tamen
1081 2859 1327 2946 exploratorem,
1356 2863 1414 2948 qui

294 2945 356 3011 sibi
386 2947 586 3030 perquireret
617 2947 796 3010 veritatem.
844 2945 910 3024 Qui
942 2966 1016 3008 cum
1049 2944 1096 3008 ibi
1126 2966 1248 3008 moram
1281 2946 1413 3029 faceret,

292 3051 327 3094 re
351 3037 446 3092 utans
467 3027 520 3092 ille
542 3029 629 3128 quod
650 3030 692 3094 ab
719 3029 810 3093 hoste
837 3039 949 3112 captus
978 3027 1032 3092 vel
1059 3029 1182 3092 occisus
1210 3039 1303 3112 esset,
1358 3030 1414 3094 uia

292 3134 316 3176 n
360 3133 416 3175 um
437 3110 478 3176 de
502 3111 597 3176 sociis
624 3133 720 3196 quem
743 3122 950 3196 cognosceret
978 3113 1110 3195 invenit,
1138 3113 1243 3186 victor
1272 3051 1414 3200 quidem,

293 3195 351 3261 sed
370 3217 437 3260 non
456 3193 569 3277 laetus,
592 3197 668 3294 quia
688 3195 862 3278 nesciebat,
884 3195 927 3260 ad
947 3198 1085 3294 patriam
1106 3198 1285 3262 revertitur.

380 3279 450 3344 101.
494 3279 678 3344 Frideucus
700 3289 821 3363 autem,
844 3279 984 3344 eoilecns
1006 3281 1048 3344 ad
1071 3303 1105 3344 se
1127 3280 1166 3344 de
1183 3281 1319 3345 diversis
1337 3303 1414 3380 par-

293 3361 380 3428 tibus
392 3384 413 3426 a
424 3361 546 3448 proelio
564 3363 809 3447 revertentibus,
830 3373 957 3432 noctem
976 3363 1063 3428 illam
1083 3365 1116 3426 in
1132 3361 1233 3430 multa
1246 3365 1367 3430 laetitia
1381 3377 1416 3434 et

295 3449 437 3512 maxime
458 3449 493 3511 in
514 3447 623 3512 divina
639 3447 732 3512 laude
747 3450 910 3533 transegit.
953 3449 993 3513 In
1014 3448 1153 3514 crastino
1174 3469 1251 3512 vero
1273 3453 1413 3548 receptis

295 3531 443 3596 omnibus
465 3553 547 3617 quae
575 3532 627 3596 vel
656 3533 737 3596 socii
765 3530 817 3597 vel
843 3531 950 3596 hostes
977 3533 1023 3597 ibi
1049 3530 1251 3618 reliquerant,
1281 3531 1415 3598 mebora

295 3625 377 3699 quae
405 3623 553 3699 poterant
582 3627 759 3700 asportare,
792 3637 903 3682 secum
929 3614 1084 3698 tulerunt;
1118 3624 1224 3680 cetera
1251 3638 1338 3698 vero,
1370 3639 1413 3682 ne

294 3695 482 3781 prodessent
510 3697 654 3762 hostibus
679 3700 747 3784 igni
776 3699 940 3764 dederunt
984 3700 1064 3764 Inde
1090 3721 1167 3764 vero
1197 3722 1272 3766 cum
1294 3720 1414 3786 magno

294 3779 414 3864 gaudio
443 3789 602 3865 cantuque
623 3782 802 3863 redeuntes,
827 3781 1064 3848 Smclekallan¹
1095 3794 1127 3850 et
1153 3793 1275 3850 ceteros
1296 3786 1330 3848 in
1353 3785 1412 3848 cir-

295 3863 384 3930 cuitu
397 3863 486 3928 vicos
507 3876 563 3929 aut
577 3863 669 3930 villas
690 3866 951 3950 praedationibus
973 3878 1005 3933 et
1025 3868 1181 3932 incendiis
1195 3877 1414 3951 vastaverunt,

294 4023 318 4077 a)
334 4030 389 4068 anta
405 4028 425 4068 1.
477 4023 501 4077 b)
512 4026 674 4067 willchelmus
690 4038 766 4069 comes
782 4029 942 4082 necamourn,
958 4034 1046 4080 patrem
1062 4031 1150 4070 habens
1166 4030 1289 4082 (ieronem,
1304 4035 1414 4082 patruum

293 4095 348 4125 varo
364 4086 486 4127 Dedonsm
502 4085 660 4127 marchionem
676 4087 697 4128 2.
754 4085 776 4139 c)
791 4090 932 4140 paucissima
949 4091 969 4132 1.
1025 4087 1049 4141 d)
1064 4090 1091 4134 n.
1107 4090 1208 4130 Barbato
1224 4091 1331 4141 principe
1346 4101 1413 4141 prae·

294 4144 368 4254 Babil}
383 4145 403 4242 ξ.
449 4142 472 4196 e)
488 4145 544 4184 dccet
560 4146 581 4185 1.
626 4143 749 4198 Optimus
765 4149 785 4188 1.
840 4147 863 4200 g)
880 4148 1094 4198 Somcrschsnburg
1111 4144 1145 4188 1¹³.
1198 4145 1222 4200 ir)
1239 4150 1374 4190 obtinuerat
1389 4152 1413 4194 i.

326 4214 357 4252 qu
397 4233 404 4244 .

296 4334 325 4400 1)
344 4331 557 4387 Sctmalkattsn.
