<?xml version="1.0" encoding="UTF-8"?>
<!DOCTYPE html PUBLIC "-//W3C//DTD XHTML 1.0 Transitional//EN"
    "http://www.w3.org/TR/xhtml1/DTD/xhtml1-transitional.dtd">
<html xmlns="http://www.w3.org/1999/xhtml" xml:lang="en" lang="en">
 <head>
  <title>
</title>
<meta http-equiv="Content-Type" content="text/html;charset=utf-8" />
  <meta name='ocr-system' content='tesseract 3.04.00' />
  <meta name='ocr-capabilities' content='ocr_page ocr_carea ocr_par ocr_line ocrx_word'/>
</head>
<body>
  <div class='ocr_page' id='page_1' title='image "./waltramiutvidet01schwgoog_0023.png"; bbox 0 0 3116 4822; ppageno 0'>
   <div class='ocr_carea' id='block_1_1' title="bbox 611 359 1279 414">
    <p class='ocr_par' dir='ltr' id='par_1_1' title="bbox 611 359 1279 414">
     <span class='ocr_line' id='line_1_1' title="bbox 611 359 1279 414; baseline 0.007 -5"><span class='ocrx_word' id='word_1_1' title='bbox 611 359 827 412; x_wconf 76' lang='lat' dir='ltr'><em>Pssusfflo.</em></span> <span class='ocrx_word' id='word_1_2' title='bbox 1212 363 1279 414; x_wconf 85' lang='lat' dir='ltr'><em>XIX</em></span> 
     </span>
    </p>
   </div>
   <div class='ocr_carea' id='block_1_2' title="bbox 152 525 1280 2973">
    <p class='ocr_par' dir='ltr' id='par_1_2' title="bbox 152 525 1280 2973">
     <span class='ocr_line' id='line_1_2' title="bbox 160 525 1280 611; baseline 0.002 -19"><span class='ocrx_word' id='word_1_3' title='bbox 160 527 356 592; x_wconf 84' lang='lat' dir='ltr'>Audivimus</span> <span class='ocrx_word' id='word_1_4' title='bbox 400 525 566 592; x_wconf 71' lang='lat' dir='ltr'><em>uosdemu</em></span> <span class='ocrx_word' id='word_1_5' title='bbox 598 528 640 592; x_wconf 90' lang='lat' dir='ltr'><em>In</em></span> <span class='ocrx_word' id='word_1_6' title='bbox 660 549 794 591; x_wconf 90' lang='lat' dir='ltr'><em>numero</em></span> <span class='ocrx_word' id='word_1_7' title='bbox 801 527 1071 611; x_wconf 76' lang='lat' dir='ltr'><em>fidelissimorum</em></span> <span class='ocrx_word' id='word_1_8' title='bbox 1091 540 1169 596; x_wconf 90' lang='lat' dir='ltr'><em>tunc</em></span> <span class='ocrx_word' id='word_1_9' title='bbox 1183 541 1280 596; x_wconf 80' lang='lat' dir='ltr'><em>eram</em></span> 
     </span>
     <span class='ocr_line' id='line_1_3' title="bbox 160 610 1278 698; baseline 0.004 -21"><span class='ocrx_word' id='word_1_10' title='bbox 160 611 339 698; x_wconf 75' lang='lat' dir='ltr'><em>liudolfus,</em></span> <span class='ocrx_word' id='word_1_11' title='bbox 406 610 500 696; x_wconf 84' lang='lat' dir='ltr'><em>elfus,</em></span> <span class='ocrx_word' id='word_1_12' title='bbox 528 610 728 677; x_wconf 86' lang='lat' dir='ltr'><em>Bertloldus</em></span> <span class='ocrx_word' id='word_1_13' title='bbox 755 611 854 676; x_wconf 90' lang='lat' dir='ltr'><em>duces</em></span> <span class='ocrx_word' id='word_1_14' title='bbox 882 621 911 676; x_wconf 91' lang='lat' dir='ltr'><em>et</em></span> <span class='ocrx_word' id='word_1_15' title='bbox 933 610 1154 696; x_wconf 77' lang='lat' dir='ltr'><em>Gebebardus,</em></span> <span class='ocrx_word' id='word_1_16' title='bbox 1175 615 1278 680; x_wconf 85' lang='lat' dir='ltr'><em>Adol-</em></span> 
     </span>
     <span class='ocr_line' id='line_1_4' title="bbox 161 695 1276 781; baseline 0.004 -20"><span class='ocrx_word' id='word_1_17' title='bbox 161 697 246 778; x_wconf 92' lang='lat' dir='ltr'><em>bero,</em></span> <span class='ocrx_word' id='word_1_18' title='bbox 267 695 467 761; x_wconf 80' lang='lat' dir='ltr'><em>Alnnannus</em></span> <span class='ocrx_word' id='word_1_19' title='bbox 488 697 646 780; x_wconf 79' lang='lat' dir='ltr'><em>episcopi,</em></span> <span class='ocrx_word' id='word_1_20' title='bbox 668 697 727 780; x_wconf 81' lang='lat' dir='ltr'><em>qui</em></span> <span class='ocrx_word' id='word_1_21' title='bbox 746 696 833 760; x_wconf 88' lang='lat' dir='ltr'><em>inter</em></span> <span class='ocrx_word' id='word_1_22' title='bbox 854 717 887 761; x_wconf 92' lang='lat' dir='ltr'><em>se</em></span> <span class='ocrx_word' id='word_1_23' title='bbox 909 708 1150 781; x_wconf 88' lang='lat' dir='ltr'><em>consenserant,</em></span> <span class='ocrx_word' id='word_1_24' title='bbox 1174 703 1276 764; x_wconf 91' lang='lat' dir='ltr'><em>omni·</em></span> 
     </span>
     <span class='ocr_line' id='line_1_5' title="bbox 161 779 1278 866; baseline 0.003 -20"><span class='ocrx_word' id='word_1_25' title='bbox 161 783 221 846; x_wconf 90' lang='lat' dir='ltr'><em>bus</em></span> <span class='ocrx_word' id='word_1_26' title='bbox 237 781 343 846; x_wconf 92' lang='lat' dir='ltr'><em>modis</em></span> <span class='ocrx_word' id='word_1_27' title='bbox 364 781 437 864; x_wconf 82' lang='lat' dir='ltr'><em>repi</em></span> <span class='ocrx_word' id='word_1_28' title='bbox 452 802 487 843; x_wconf 88' lang='lat' dir='ltr'><em>re</em></span> <span class='ocrx_word' id='word_1_29' title='bbox 513 780 710 866; x_wconf 82' lang='lat' dir='ltr'><em>upnandnm</em></span> <span class='ocrx_word' id='word_1_30' title='bbox 727 801 803 843; x_wconf 87' lang='lat' dir='ltr'><em>esse.</em></span> <span class='ocrx_word' id='word_1_31' title='bbox 841 779 966 854; x_wconf 85' lang='lat' dir='ltr'><em>Quibus</em></span> <span class='ocrx_word' id='word_1_32' title='bbox 984 783 1053 846; x_wconf 91' lang='lat' dir='ltr'><em>iam</em></span> <span class='ocrx_word' id='word_1_33' title='bbox 1067 783 1124 848; x_wconf 81' lang='lat' dir='ltr'><em>illo</em></span> <span class='ocrx_word' id='word_1_34' title='bbox 1139 793 1198 848; x_wconf 84' lang='lat' dir='ltr'><em>tens</em></span> <span class='ocrx_word' id='word_1_35' title='bbox 1224 807 1278 849; x_wconf 92' lang='lat' dir='ltr'><em>ore</em></span> 
     </span>
     <span class='ocr_line' id='line_1_6' title="bbox 160 807 1278 935; baseline 0.005 -6"><span class='ocrx_word' id='word_1_36' title='bbox 160 887 194 929; x_wconf 89' lang='lat' dir='ltr'><em>se</em></span> <span class='ocrx_word' id='word_1_37' title='bbox 224 867 427 930; x_wconf 70' lang='lat' dir='ltr'><em>adiunxerat</em></span> <span class='ocrx_word' id='word_1_38' title='bbox 488 865 681 929; x_wconf 87' lang='lat' dir='ltr'><em>erimannus</em></span> <span class='ocrx_word' id='word_1_39' title='bbox 709 864 873 928; x_wconf 86' lang='lat' dir='ltr'><em>Metensis.</em></span> <span class='ocrx_word' id='word_1_40' title='bbox 917 865 992 930; x_wconf 88' lang='lat' dir='ltr'><em>Huc</em></span> <span class='ocrx_word' id='word_1_41' title='bbox 1014 889 1030 930; x_wconf 89' lang='lat' dir='ltr'><em>s</em></span> <span class='ocrx_word' id='word_1_42' title='bbox 1056 877 1162 932; x_wconf 88' lang='lat' dir='ltr'><em>ectant</em></span> <span class='ocrx_word' id='word_1_43' title='bbox 1191 807 1278 935; x_wconf 70' lang='lat' dir='ltr'><em>dnae</em></span> 
     </span>
     <span class='ocr_line' id='line_1_7' title="bbox 161 948 1278 1038; baseline 0.004 -26"><span class='ocrx_word' id='word_1_44' title='bbox 161 971 177 1012; x_wconf 92' lang='lat' dir='ltr'><em>e</em></span> <span class='ocrx_word' id='word_1_45' title='bbox 202 948 321 1014; x_wconf 89' lang='lat' dir='ltr'><em>istulae</em></span> <span class='ocrx_word' id='word_1_46' title='bbox 336 957 457 1013; x_wconf 88' lang='lat' dir='ltr'><em>aestate</em></span> <span class='ocrx_word' id='word_1_47' title='bbox 473 950 558 1012; x_wconf 90' lang='lat' dir='ltr'><em>anni</em></span> <span class='ocrx_word' id='word_1_48' title='bbox 574 949 665 1013; x_wconf 78' lang='lat'>1076.</span> <span class='ocrx_word' id='word_1_49' title='bbox 681 950 896 1034; x_wconf 88' lang='lat' dir='ltr'><em>conscriptae,</em></span> <span class='ocrx_word' id='word_1_50' title='bbox 910 951 948 1012; x_wconf 91' lang='lat' dir='ltr'><em>in</em></span> <span class='ocrx_word' id='word_1_51' title='bbox 963 953 1021 1036; x_wconf 83' lang='lat' dir='ltr'><em>qui</em></span> <span class='ocrx_word' id='word_1_52' title='bbox 1041 973 1081 1014; x_wconf 90' lang='lat' dir='ltr'><em>us</em></span> <span class='ocrx_word' id='word_1_53' title='bbox 1097 950 1278 1038; x_wconf 80' lang='lat' dir='ltr'><em>Greporius</em></span> 
     </span>
     <span class='ocr_line' id='line_1_8' title="bbox 161 973 1279 1118; baseline 0.004 -21"><span class='ocrx_word' id='word_1_54' title='bbox 161 973 251 1115; x_wconf 62' lang='lat' dir='ltr'><em>eicit,</em></span> <span class='ocrx_word' id='word_1_55' title='bbox 266 1056 299 1098; x_wconf 86' lang='lat' dir='ltr'><em>sc</em></span> <span class='ocrx_word' id='word_1_56' title='bbox 308 1035 449 1098; x_wconf 81' lang='lat' dir='ltr'><em>manime</em></span> <span class='ocrx_word' id='word_1_57' title='bbox 460 1032 617 1118; x_wconf 80' lang='lat' dir='ltr'><em>paudere,</em></span> <span class='ocrx_word' id='word_1_58' title='bbox 632 1032 719 1117; x_wconf 83' lang='lat' dir='ltr'><em>quod</em></span> <span class='ocrx_word' id='word_1_59' title='bbox 729 1031 782 1096; x_wconf 89' lang='lat' dir='ltr'><em>illi</em></span> <span class='ocrx_word' id='word_1_60' title='bbox 793 1033 969 1117; x_wconf 75' lang='lat' dir='ltr'><strong><em>principes</em></strong></span> <span class='ocrx_word' id='word_1_61' title='bbox 982 1035 1137 1100; x_wconf 86' lang='lat' dir='ltr'><em>¹omnibus</em></span> <span class='ocrx_word' id='word_1_62' title='bbox 1151 1037 1279 1101; x_wconf 86' lang='lat' dir='ltr'><em>viribus</em></span> 
     </span>
     <span class='ocr_line' id='line_1_9' title="bbox 160 1117 1277 1202; baseline 0.003 -20"><span class='ocrx_word' id='word_1_63' title='bbox 160 1117 396 1196; x_wconf 85' lang='lat' dir='ltr'><em>contenderent,</em></span> <span class='ocrx_word' id='word_1_64' title='bbox 424 1125 460 1180; x_wconf 90' lang='lat' dir='ltr'><em>ut</em></span> <span class='ocrx_word' id='word_1_65' title='bbox 487 1139 594 1202; x_wconf 79' lang='lat' dir='ltr'><em>repom</em></span> <span class='ocrx_word' id='word_1_66' title='bbox 621 1117 667 1180; x_wconf 92' lang='lat' dir='ltr'><em>ad</em></span> <span class='ocrx_word' id='word_1_67' title='bbox 688 1117 923 1182; x_wconf 76' lang='lat' dir='ltr'><em>oboedientiam</em></span> <span class='ocrx_word' id='word_1_68' title='bbox 938 1119 1167 1202; x_wconf 86' lang='lat' dir='ltr'><em>perducerent,</em></span> <span class='ocrx_word' id='word_1_69' title='bbox 1189 1123 1277 1185; x_wconf 91' lang='lat' dir='ltr'><em>etin</em></span> 
     </span>
     <span class='ocr_line' id='line_1_10' title="bbox 160 1201 1277 1288; baseline 0.003 -23"><span class='ocrx_word' id='word_1_70' title='bbox 160 1201 278 1285; x_wconf 77' lang='lat' dir='ltr'><em>quibus</em></span> <span class='ocrx_word' id='word_1_71' title='bbox 304 1203 471 1282; x_wconf 72' lang='lat' dir='ltr'><em>concessit,</em></span> <span class='ocrx_word' id='word_1_72' title='bbox 497 1209 533 1264; x_wconf 91' lang='lat' dir='ltr'><em>ut</em></span> <span class='ocrx_word' id='word_1_73' title='bbox 558 1203 588 1266; x_wconf 89' lang='lat' dir='ltr'><em>ii</em></span> <span class='ocrx_word' id='word_1_74' title='bbox 614 1201 868 1282; x_wconf 74' lang='lat' dir='ltr'><em>absolverentur,</em></span> <span class='ocrx_word' id='word_1_75' title='bbox 898 1223 987 1287; x_wconf 80' lang='lat' dir='ltr'><em>qnos,</em></span> <span class='ocrx_word' id='word_1_76' title='bbox 1009 1203 1097 1288; x_wconf 81' lang='lat' dir='ltr'><em>repis</em></span> <span class='ocrx_word' id='word_1_77' title='bbox 1121 1205 1277 1288; x_wconf 79' lang='lat' dir='ltr'><em>partibus</em></span> 
     </span>
     <span class='ocr_line' id='line_1_11' title="bbox 160 1283 1278 1371; baseline 0.004 -23"><span class='ocrx_word' id='word_1_78' title='bbox 160 1283 293 1366; x_wconf 86' lang='lat' dir='ltr'><em>relictis,</em></span> <span class='ocrx_word' id='word_1_79' title='bbox 315 1288 400 1350; x_wconf 83' lang='lat' dir='ltr'><em>uitae</em></span> <span class='ocrx_word' id='word_1_80' title='bbox 419 1306 523 1371; x_wconf 80' lang='lat' dir='ltr'><em>usque</em></span> <span class='ocrx_word' id='word_1_81' title='bbox 536 1285 615 1350; x_wconf 88' lang='lat' dir='ltr'><em>illuc</em></span> <span class='ocrx_word' id='word_1_82' title='bbox 631 1293 727 1350; x_wconf 85' lang='lat' dir='ltr'><em>actae·</em></span> <span class='ocrx_word' id='word_1_83' title='bbox 740 1286 932 1369; x_wconf 89' lang='lat' dir='ltr'><em>paeniteret.</em></span> <span class='ocrx_word' id='word_1_84' title='bbox 966 1285 1043 1352; x_wconf 87' lang='lat' dir='ltr'><em>Cum</em></span> <span class='ocrx_word' id='word_1_85' title='bbox 1058 1297 1165 1351; x_wconf 74' lang='lat' dir='ltr'><em>amem</em></span> <span class='ocrx_word' id='word_1_86' title='bbox 1182 1288 1278 1353; x_wconf 87' lang='lat' dir='ltr'><em>multi</em></span> 
     </span>
     <span class='ocr_line' id='line_1_12' title="bbox 160 1371 1278 1456; baseline 0.004 -22"><span class='ocrx_word' id='word_1_87' title='bbox 160 1371 390 1454; x_wconf 77' lang='lat' dir='ltr'><em>opinarentur,</em></span> <span class='ocrx_word' id='word_1_88' title='bbox 418 1392 526 1456; x_wconf 78' lang='lat' dir='ltr'><em>repem</em></span> <span class='ocrx_word' id='word_1_89' title='bbox 552 1373 673 1456; x_wconf 89' lang='lat' dir='ltr'><em>ipsum,</em></span> <span class='ocrx_word' id='word_1_90' title='bbox 702 1371 990 1453; x_wconf 90' lang='lat' dir='ltr'><em>sipaenitentiam</em></span> <span class='ocrx_word' id='word_1_91' title='bbox 1012 1379 1131 1456; x_wconf 78' lang='lat' dir='ltr'><em>operat,</em></span> <span class='ocrx_word' id='word_1_92' title='bbox 1153 1371 1278 1438; x_wconf 86' lang='lat' dir='ltr'><em>absolui</em></span> 
     </span>
     <span class='ocr_line' id='line_1_13' title="bbox 155 1451 1276 1544; baseline 0.003 -26"><span class='ocrx_word' id='word_1_93' title='bbox 155 1476 254 1538; x_wconf 87' lang='lat' dir='ltr'><em>posse</em></span> <span class='ocrx_word' id='word_1_94' title='bbox 287 1477 309 1518; x_wconf 92' lang='lat' dir='ltr'><em>a</em></span> <span class='ocrx_word' id='word_1_95' title='bbox 340 1453 479 1539; x_wconf 80' lang='lat' dir='ltr'><em>quolibet</em></span> <span class='ocrx_word' id='word_1_96' title='bbox 509 1457 660 1540; x_wconf 89' lang='lat' dir='ltr'><em>episcopo</em></span> <span class='ocrx_word' id='word_1_97' title='bbox 690 1451 900 1535; x_wconf 78' lang='lat' dir='ltr'><em>Germaniae,</em></span> <span class='ocrx_word' id='word_1_98' title='bbox 930 1456 1064 1539; x_wconf 77' lang='lat' dir='ltr'><em>scripsit</em></span> <span class='ocrx_word' id='word_1_99' title='bbox 1092 1455 1160 1540; x_wconf 78' lang='lat'><em>(25.</em></span> <span class='ocrx_word' id='word_1_100' title='bbox 1188 1456 1276 1544; x_wconf 81' lang='lat' dir='ltr'><em>Aup.</em></span> 
     </span>
     <span class='ocr_line' id='line_1_14' title="bbox 162 1537 1278 1626; baseline 0.003 -24"><span class='ocrx_word' id='word_1_101' title='bbox 162 1537 262 1618; x_wconf 82' lang='lat'>1076)</span> <span class='ocrx_word' id='word_1_102' title='bbox 282 1560 377 1622; x_wconf 93' lang='lat' dir='ltr'><em>papa</em></span> <span class='ocrx_word' id='word_1_103' title='bbox 401 1538 447 1603; x_wconf 91' lang='lat' dir='ltr'><em>ad</em></span> <span class='ocrx_word' id='word_1_104' title='bbox 469 1538 713 1603; x_wconf 89' lang='lat' dir='ltr'><em>Herimannum</em></span> <span class='ocrx_word' id='word_1_105' title='bbox 734 1537 905 1602; x_wconf 87' lang='lat' dir='ltr'><em>Metensem</em></span> <span class='ocrx_word' id='word_1_106' title='bbox 931 1539 1114 1623; x_wconf 72' lang='lat' dir='ltr'><em>epistolant,</em></span> <span class='ocrx_word' id='word_1_107' title='bbox 1143 1563 1210 1626; x_wconf 77' lang='lat' dir='ltr'><em>qua</em></span> <span class='ocrx_word' id='word_1_108' title='bbox 1236 1564 1278 1605; x_wconf 90' lang='lat' dir='ltr'><em>ne</em></span> 
     </span>
     <span class='ocr_line' id='line_1_15' title="bbox 160 1619 1278 1710; baseline 0.004 -23"><span class='ocrx_word' id='word_1_109' title='bbox 160 1623 198 1688; x_wconf 90' lang='lat' dir='ltr'><em>id</em></span> <span class='ocrx_word' id='word_1_110' title='bbox 216 1622 314 1705; x_wconf 79' lang='lat' dir='ltr'><em>fleret</em></span> <span class='ocrx_word' id='word_1_111' title='bbox 334 1623 509 1706; x_wconf 85' lang='lat' dir='ltr'><em>probibere</em></span> <span class='ocrx_word' id='word_1_112' title='bbox 531 1623 657 1688; x_wconf 87' lang='lat' dir='ltr'><em>studuit</em></span> <span class='ocrx_word' id='word_1_113' title='bbox 666 1633 689 1686; x_wconf 85' lang='lat'><em>².</em></span> <span class='ocrx_word' id='word_1_114' title='bbox 735 1619 811 1696; x_wconf 81' lang='lat' dir='ltr'><em>Qua</em></span> <span class='ocrx_word' id='word_1_115' title='bbox 837 1623 978 1707; x_wconf 86' lang='lat' dir='ltr'><em>epistula</em></span> <span class='ocrx_word' id='word_1_116' title='bbox 995 1645 1094 1710; x_wconf 94' lang='lat' dir='ltr'><em>papa</em></span> <span class='ocrx_word' id='word_1_117' title='bbox 1119 1628 1278 1691; x_wconf 89' lang='lat' dir='ltr'><em>neminem</em></span> 
     </span>
     <span class='ocr_line' id='line_1_16' title="bbox 162 1705 1276 1794; baseline 0.004 -24"><span class='ocrx_word' id='word_1_118' title='bbox 162 1705 325 1770; x_wconf 68' lang='lat' dir='ltr'><em>absolvens</em></span> <span class='ocrx_word' id='word_1_119' title='bbox 349 1729 448 1791; x_wconf 88' lang='lat' dir='ltr'><em>posse</em></span> <span class='ocrx_word' id='word_1_120' title='bbox 474 1729 592 1794; x_wconf 79' lang='lat' dir='ltr'><em>repom,</em></span> <span class='ocrx_word' id='word_1_121' title='bbox 618 1708 688 1770; x_wconf 89' lang='lat' dir='ltr'><em>nisi</em></span> <span class='ocrx_word' id='word_1_122' title='bbox 708 1709 764 1771; x_wconf 92' lang='lat' dir='ltr'><em>cui</em></span> <span class='ocrx_word' id='word_1_123' title='bbox 784 1709 856 1790; x_wconf 89' lang='lat' dir='ltr'><em>ipse</em></span> <span class='ocrx_word' id='word_1_124' title='bbox 876 1709 930 1771; x_wconf 91' lang='lat' dir='ltr'><em>ius</em></span> <span class='ocrx_word' id='word_1_125' title='bbox 953 1730 993 1772; x_wconf 88' lang='lat' dir='ltr'><em>ae</em></span> <span class='ocrx_word' id='word_1_126' title='bbox 1011 1717 1202 1792; x_wconf 86' lang='lat' dir='ltr'><em>potestatem</em></span> <span class='ocrx_word' id='word_1_127' title='bbox 1222 1711 1276 1774; x_wconf 92' lang='lat' dir='ltr'><em>de·</em></span> 
     </span>
     <span class='ocr_line' id='line_1_17' title="bbox 161 1791 1279 1876; baseline 0.004 -21"><span class='ocrx_word' id='word_1_128' title='bbox 161 1791 270 1872; x_wconf 90' lang='lat' dir='ltr'><em>disset,</em></span> <span class='ocrx_word' id='word_1_129' title='bbox 292 1791 404 1856; x_wconf 91' lang='lat' dir='ltr'><em>docuit</em></span> <span class='ocrx_word' id='word_1_130' title='bbox 423 1793 583 1876; x_wconf 83' lang='lat' dir='ltr'><em>iussitque</em></span> <span class='ocrx_word' id='word_1_131' title='bbox 604 1791 667 1856; x_wconf 85' lang='lat' dir='ltr'><em>sibi</em></span> <span class='ocrx_word' id='word_1_132' title='bbox 680 1791 844 1871; x_wconf 90' lang='lat' dir='ltr'><em>nuntiari,</em></span> <span class='ocrx_word' id='word_1_133' title='bbox 867 1793 898 1856; x_wconf 91' lang='lat' dir='ltr'><em>si</em></span> <span class='ocrx_word' id='word_1_134' title='bbox 904 1793 1116 1875; x_wconf 87' lang='lat' dir='ltr'><em>paenitentia</em></span> <span class='ocrx_word' id='word_1_135' title='bbox 1131 1816 1171 1858; x_wconf 92' lang='lat' dir='ltr'><em>ac</em></span> <span class='ocrx_word' id='word_1_136' title='bbox 1185 1793 1279 1860; x_wconf 90' lang='lat' dir='ltr'><em>dolor</em></span> 
     </span>
     <span class='ocr_line' id='line_1_18' title="bbox 159 1875 1278 1963; baseline 0.004 -25"><span class='ocrx_word' id='word_1_137' title='bbox 159 1877 248 1960; x_wconf 83' lang='lat' dir='ltr'><em>repis</em></span> <span class='ocrx_word' id='word_1_138' title='bbox 277 1884 490 1960; x_wconf 86' lang='lat' dir='ltr'><em>apparerent,</em></span> <span class='ocrx_word' id='word_1_139' title='bbox 519 1885 556 1939; x_wconf 90' lang='lat' dir='ltr'><em>ut</em></span> <span class='ocrx_word' id='word_1_140' title='bbox 584 1875 706 1940; x_wconf 89' lang='lat' dir='ltr'><em>mittere</em></span> <span class='ocrx_word' id='word_1_141' title='bbox 731 1884 841 1957; x_wconf 88' lang='lat' dir='ltr'><em>posset</em></span> <span class='ocrx_word' id='word_1_142' title='bbox 867 1897 941 1940; x_wconf 87' lang='lat' dir='ltr'><em>cum</em></span> <span class='ocrx_word' id='word_1_143' title='bbox 966 1877 1084 1960; x_wconf 80' lang='lat' dir='ltr'><em>quibus</em></span> <span class='ocrx_word' id='word_1_144' title='bbox 1101 1879 1278 1963; x_wconf 88' lang='lat' dir='ltr'><em>principes</em></span> 
     </span>
     <span class='ocr_line' id='line_1_19' title="bbox 160 1957 1277 2046; baseline 0.003 -22"><span class='ocrx_word' id='word_1_145' title='bbox 160 1961 408 2042; x_wconf 82' lang='lat' dir='ltr'><em>constituerent,</em></span> <span class='ocrx_word' id='word_1_146' title='bbox 442 1959 560 2046; x_wconf 78' lang='lat' dir='ltr'><em>quibus</em></span> <span class='ocrx_word' id='word_1_147' title='bbox 590 1959 839 2024; x_wconf 80' lang='lat' dir='ltr'><em>condicionibus</em></span> <span class='ocrx_word' id='word_1_148' title='bbox 866 1957 947 2040; x_wconf 85' lang='lat' dir='ltr'><em>fleri</em></span> <span class='ocrx_word' id='word_1_149' title='bbox 973 1969 1087 2045; x_wconf 89' lang='lat' dir='ltr'><em>posset</em></span> <span class='ocrx_word' id='word_1_150' title='bbox 1118 1960 1277 2027; x_wconf 88' lang='lat' dir='ltr'><em>absolutio</em></span> 
     </span>
     <span class='ocr_line' id='line_1_20' title="bbox 159 2042 1277 2130; baseline 0.001 -22"><span class='ocrx_word' id='word_1_151' title='bbox 159 2043 259 2129; x_wconf 83' lang='lat' dir='ltr'><em>repis.</em></span> <span class='ocrx_word' id='word_1_152' title='bbox 301 2045 385 2109; x_wconf 88' lang='lat' dir='ltr'><em>Inde</em></span> <span class='ocrx_word' id='word_1_153' title='bbox 411 2045 518 2130; x_wconf 82' lang='lat' dir='ltr'><em>ipitur</em></span> <span class='ocrx_word' id='word_1_154' title='bbox 546 2067 590 2129; x_wconf 93' lang='lat' dir='ltr'><em>ap</em></span> <span class='ocrx_word' id='word_1_155' title='bbox 618 2053 696 2124; x_wconf 93' lang='lat' dir='ltr'><em>aret,</em></span> <span class='ocrx_word' id='word_1_156' title='bbox 723 2044 793 2106; x_wconf 91' lang='lat' dir='ltr'><em>iam</em></span> <span class='ocrx_word' id='word_1_157' title='bbox 819 2042 876 2108; x_wconf 93' lang='lat' dir='ltr'><em>illo</em></span> <span class='ocrx_word' id='word_1_158' title='bbox 906 2052 1056 2129; x_wconf 91' lang='lat' dir='ltr'><em>tempore,</em></span> <span class='ocrx_word' id='word_1_159' title='bbox 1079 2067 1152 2110; x_wconf 91' lang='lat' dir='ltr'><em>cum</em></span> <span class='ocrx_word' id='word_1_160' title='bbox 1173 2067 1233 2110; x_wconf 77' lang='lat' dir='ltr'><em>reu</em></span> <span class='ocrx_word' id='word_1_161' title='bbox 1255 2069 1277 2109; x_wconf 91' lang='lat' dir='ltr'><em>a</em></span> 
     </span>
     <span class='ocr_line' id='line_1_21' title="bbox 153 2065 1278 2276; baseline 0.004 -86"><span class='ocrx_word' id='word_1_162' title='bbox 153 2131 413 2276; x_wconf 74' lang='lat' dir='ltr'><em>papapsimum</em></span> <span class='ocrx_word' id='word_1_163' title='bbox 428 2127 537 2212; x_wconf 83' lang='lat' dir='ltr'><em>(Febr.</em></span> <span class='ocrx_word' id='word_1_164' title='bbox 551 2065 650 2209; x_wconf 67' lang='lat' dir='ltr'><em>lois)</em></span> <span class='ocrx_word' id='word_1_165' title='bbox 666 2128 964 2192; x_wconf 81' lang='lat' dir='ltr'><em>anatbematieatus</em></span> <span class='ocrx_word' id='word_1_166' title='bbox 985 2139 1074 2211; x_wconf 86' lang='lat' dir='ltr'><em>esset,</em></span> <span class='ocrx_word' id='word_1_167' title='bbox 1097 2131 1278 2195; x_wconf 88' lang='lat' dir='ltr'><em>amicitiam</em></span> 
     </span>
     <span class='ocr_line' id='line_1_22' title="bbox 159 2212 1276 2298; baseline 0.004 -24"><span class='ocrx_word' id='word_1_168' title='bbox 159 2234 250 2298; x_wconf 79' lang='lat' dir='ltr'><em>quan</em></span> <span class='ocrx_word' id='word_1_169' title='bbox 277 2235 331 2278; x_wconf 89' lang='lat' dir='ltr'><em>am</em></span> <span class='ocrx_word' id='word_1_170' title='bbox 351 2215 570 2278; x_wconf 88' lang='lat' dir='ltr'><em>intercessisse</em></span> <span class='ocrx_word' id='word_1_171' title='bbox 592 2214 678 2276; x_wconf 86' lang='lat' dir='ltr'><em>inter</em></span> <span class='ocrx_word' id='word_1_172' title='bbox 694 2233 826 2296; x_wconf 90' lang='lat' dir='ltr'><em>papam</em></span> <span class='ocrx_word' id='word_1_173' title='bbox 847 2221 876 2276; x_wconf 89' lang='lat' dir='ltr'><em>et</em></span> <span class='ocrx_word' id='word_1_174' title='bbox 897 2212 1141 2278; x_wconf 83' lang='lat' dir='ltr'><em>Herimannum</em></span> <span class='ocrx_word' id='word_1_175' title='bbox 1154 2214 1276 2280; x_wconf 86' lang='lat' dir='ltr'><em>Meten-</em></span> 
     </span>
     <span class='ocr_line' id='line_1_23' title="bbox 159 2295 1277 2382; baseline 0.004 -23"><span class='ocrx_word' id='word_1_176' title='bbox 159 2318 235 2378; x_wconf 90' lang='lat' dir='ltr'><em>sem,</em></span> <span class='ocrx_word' id='word_1_177' title='bbox 257 2319 323 2380; x_wconf 88' lang='lat' dir='ltr'><em>per</em></span> <span class='ocrx_word' id='word_1_178' title='bbox 350 2319 442 2382; x_wconf 78' lang='lat' dir='ltr'><em>quem</em></span> <span class='ocrx_word' id='word_1_179' title='bbox 468 2319 575 2362; x_wconf 90' lang='lat' dir='ltr'><em>omnes</em></span> <span class='ocrx_word' id='word_1_180' title='bbox 602 2305 720 2361; x_wconf 85' lang='lat' dir='ltr'><em>ceteros</em></span> <span class='ocrx_word' id='word_1_181' title='bbox 748 2297 917 2381; x_wconf 89' lang='lat' dir='ltr'><em>episcopos</em></span> <span class='ocrx_word' id='word_1_182' title='bbox 940 2295 1141 2362; x_wconf 73' lang='lat' dir='ltr'><em>Gemonias</em></span> <span class='ocrx_word' id='word_1_183' title='bbox 1168 2299 1214 2362; x_wconf 90' lang='lat' dir='ltr'><em>ad</em></span> <span class='ocrx_word' id='word_1_184' title='bbox 1243 2321 1277 2363; x_wconf 90' lang='lat' dir='ltr'><em>se</em></span> 
     </span>
     <span class='ocr_line' id='line_1_24' title="bbox 159 2380 1277 2464; baseline 0.004 -21"><span class='ocrx_word' id='word_1_185' title='bbox 159 2381 332 2446; x_wconf 85' lang='lat' dir='ltr'><em>traducere</em></span> <span class='ocrx_word' id='word_1_186' title='bbox 360 2391 389 2446; x_wconf 89' lang='lat' dir='ltr'><em>et</em></span> <span class='ocrx_word' id='word_1_187' title='bbox 418 2381 465 2446; x_wconf 92' lang='lat' dir='ltr'><em>ad</em></span> <span class='ocrx_word' id='word_1_188' title='bbox 490 2403 584 2446; x_wconf 91' lang='lat' dir='ltr'><em>suam</em></span> <span class='ocrx_word' id='word_1_189' title='bbox 612 2380 809 2445; x_wconf 85' lang='lat' dir='ltr'><em>uoluntatem</em></span> <span class='ocrx_word' id='word_1_190' title='bbox 828 2381 1008 2464; x_wconf 86' lang='lat' dir='ltr'><em>perducere</em></span> <span class='ocrx_word' id='word_1_191' title='bbox 1028 2383 1164 2448; x_wconf 87' lang='lat' dir='ltr'><em>studuit.</em></span> <span class='ocrx_word' id='word_1_192' title='bbox 1206 2383 1277 2447; x_wconf 90' lang='lat' dir='ltr'><em>Nec</em></span> 
     </span>
     <span class='ocr_line' id='line_1_25' title="bbox 158 2467 1277 2552; baseline 0.002 -24"><span class='ocrx_word' id='word_1_193' title='bbox 158 2469 279 2531; x_wconf 91' lang='lat' dir='ltr'><em>mirum</em></span> <span class='ocrx_word' id='word_1_194' title='bbox 299 2475 355 2547; x_wconf 91' lang='lat' dir='ltr'><em>est,</em></span> <span class='ocrx_word' id='word_1_195' title='bbox 383 2467 470 2550; x_wconf 79' lang='lat' dir='ltr'><em>quod</em></span> <span class='ocrx_word' id='word_1_196' title='bbox 493 2488 601 2550; x_wconf 91' lang='lat' dir='ltr'><em>papa,</em></span> <span class='ocrx_word' id='word_1_197' title='bbox 624 2489 697 2529; x_wconf 89' lang='lat' dir='ltr'><em>cum</em></span> <span class='ocrx_word' id='word_1_198' title='bbox 721 2488 831 2530; x_wconf 85' lang='lat' dir='ltr'><em>rerum</em></span> <span class='ocrx_word' id='word_1_199' title='bbox 859 2474 958 2547; x_wconf 88' lang='lat' dir='ltr'><em>statu,</em></span> <span class='ocrx_word' id='word_1_200' title='bbox 984 2489 1076 2551; x_wconf 78' lang='lat' dir='ltr'><em>quem</em></span> <span class='ocrx_word' id='word_1_201' title='bbox 1096 2489 1203 2552; x_wconf 90' lang='lat' dir='ltr'><em>snpra</em></span> <span class='ocrx_word' id='word_1_202' title='bbox 1223 2488 1277 2531; x_wconf 73' lang='lat' dir='ltr'><em>eec-</em></span> 
     </span>
     <span class='ocr_line' id='line_1_26' title="bbox 155 2549 1276 2634; baseline 0 -20"><span class='ocrx_word' id='word_1_203' title='bbox 155 2552 268 2634; x_wconf 90' lang='lat' dir='ltr'><em>posni,</em></span> <span class='ocrx_word' id='word_1_204' title='bbox 290 2559 421 2614; x_wconf 88' lang='lat' dir='ltr'><em>coactus</em></span> <span class='ocrx_word' id='word_1_205' title='bbox 435 2559 515 2613; x_wconf 92' lang='lat' dir='ltr'><em>esset</em></span> <span class='ocrx_word' id='word_1_206' title='bbox 535 2572 642 2634; x_wconf 77' lang='lat' dir='ltr'><em>repem</em></span> <span class='ocrx_word' id='word_1_207' title='bbox 657 2550 863 2614; x_wconf 75' lang='lat' dir='ltr'><em>anathemate</em></span> <span class='ocrx_word' id='word_1_208' title='bbox 876 2549 985 2634; x_wconf 83' lang='lat' dir='ltr'><em>lipare</em></span> <span class='ocrx_word' id='word_1_209' title='bbox 999 2551 1044 2634; x_wconf 80' lang='lat'><em>(7.</em></span> <span class='ocrx_word' id='word_1_210' title='bbox 1054 2552 1154 2615; x_wconf 87' lang='lat' dir='ltr'><em>Mart.</em></span> <span class='ocrx_word' id='word_1_211' title='bbox 1167 2549 1276 2633; x_wconf 88' lang='lat'><em>1081),</em></span> 
     </span>
     <span class='ocr_line' id='line_1_27' title="bbox 160 2633 1276 2720; baseline 0.002 -22"><span class='ocrx_word' id='word_1_212' title='bbox 160 2635 199 2698; x_wconf 92' lang='lat' dir='ltr'><em>de</em></span> <span class='ocrx_word' id='word_1_213' title='bbox 218 2636 347 2720; x_wconf 78' lang='lat' dir='ltr'><em>intepro</em></span> <span class='ocrx_word' id='word_1_214' title='bbox 369 2634 544 2720; x_wconf 90' lang='lat' dir='ltr'><em>epistulam</em></span> <span class='ocrx_word' id='word_1_215' title='bbox 566 2635 612 2697; x_wconf 89' lang='lat' dir='ltr'><em>ad</em></span> <span class='ocrx_word' id='word_1_216' title='bbox 628 2633 871 2697; x_wconf 88' lang='lat' dir='ltr'><em>Herimannum</em></span> <span class='ocrx_word' id='word_1_217' title='bbox 887 2633 987 2715; x_wconf 89' lang='lat' dir='ltr'><em>dedit,</em></span> <span class='ocrx_word' id='word_1_218' title='bbox 1010 2644 1039 2697; x_wconf 92' lang='lat' dir='ltr'><em>et</em></span> <span class='ocrx_word' id='word_1_219' title='bbox 1059 2645 1096 2698; x_wconf 90' lang='lat' dir='ltr'><em>ut</em></span> <span class='ocrx_word' id='word_1_220' title='bbox 1117 2635 1276 2700; x_wconf 89' lang='lat' dir='ltr'><em>‘corrobo-</em></span> 
     </span>
     <span class='ocr_line' id='line_1_28' title="bbox 160 2717 1275 2802; baseline 0.001 -21"><span class='ocrx_word' id='word_1_221' title='bbox 160 2727 252 2782; x_wconf 89' lang='lat' dir='ltr'><em>raret</em></span> <span class='ocrx_word' id='word_1_222' title='bbox 267 2741 333 2802; x_wconf 91' lang='lat' dir='ltr'><em>per</em></span> <span class='ocrx_word' id='word_1_223' title='bbox 354 2719 412 2783; x_wconf 84' lang='lat' dir='ltr'><em>boc</em></span> <span class='ocrx_word' id='word_1_224' title='bbox 435 2720 562 2783; x_wconf 91' lang='lat' dir='ltr'><em>animos</em></span> <span class='ocrx_word' id='word_1_225' title='bbox 578 2717 731 2802; x_wconf 90' lang='lat' dir='ltr'><em>partium</em></span> <span class='ocrx_word' id='word_1_226' title='bbox 751 2740 900 2798; x_wconf 85' lang='lat' dir='ltr'><em>suarum,</em></span> <span class='ocrx_word' id='word_1_227' title='bbox 922 2719 1079 2802; x_wconf 82' lang='lat' dir='ltr'><em>quatinus</em></span> <span class='ocrx_word' id='word_1_228' title='bbox 1095 2729 1161 2784; x_wconf 90' lang='lat' dir='ltr'><em>tuto</em></span> <span class='ocrx_word' id='word_1_229' title='bbox 1176 2719 1275 2785; x_wconf 92' lang='lat' dir='ltr'><em>relin-</em></span> 
     </span>
     <span class='ocr_line' id='line_1_29' title="bbox 183 2801 1277 2888; baseline 0.001 -22"><span class='ocrx_word' id='word_1_230' title='bbox 183 2812 295 2868; x_wconf 87' lang='lat' dir='ltr'><em>uerent</em></span> <span class='ocrx_word' id='word_1_231' title='bbox 326 2825 435 2888; x_wconf 84' lang='lat' dir='ltr'><em>repom</em></span> <span class='ocrx_word' id='word_1_232' title='bbox 467 2825 562 2866; x_wconf 92' lang='lat' dir='ltr'><em>snum</em></span> <span class='ocrx_word' id='word_1_233' title='bbox 595 2801 663 2885; x_wconf 89' lang='lat' dir='ltr'><em>(De</em></span> <span class='ocrx_word' id='word_1_234' title='bbox 689 2803 817 2866; x_wconf 89' lang='lat' dir='ltr'><em>unitate</em></span> <span class='ocrx_word' id='word_1_235' title='bbox 848 2801 922 2866; x_wconf 88' lang='lat' dir='ltr'><em>eccl.</em></span> <span class='ocrx_word' id='word_1_236' title='bbox 950 2823 1037 2866; x_wconf 89' lang='lat' dir='ltr'><em>cons.</em></span> <span class='ocrx_word' id='word_1_237' title='bbox 1067 2802 1155 2884; x_wconf 82' lang='lat' dir='ltr'><em>I,2)</em></span> <span class='ocrx_word' id='word_1_238' title='bbox 1184 2813 1214 2866; x_wconf 89' lang='lat' dir='ltr'><em>et</em></span> <span class='ocrx_word' id='word_1_239' title='bbox 1241 2812 1277 2867; x_wconf 92' lang='lat' dir='ltr'><em>ut</em></span> 
     </span>
     <span class='ocr_line' id='line_1_30' title="bbox 152 2825 1277 2973; baseline 0.001 -23"><span class='ocrx_word' id='word_1_240' title='bbox 152 2825 256 2968; x_wconf 65' lang='lat' dir='ltr'><em>diem</em></span> <span class='ocrx_word' id='word_1_241' title='bbox 276 2886 510 2972; x_wconf 82' lang='lat' dir='ltr'><em>labefactatam</em></span> <span class='ocrx_word' id='word_1_242' title='bbox 536 2887 739 2951; x_wconf 87' lang='lat' dir='ltr'><em>Herimanni</em></span> <span class='ocrx_word' id='word_1_243' title='bbox 758 2887 972 2970; x_wconf 79' lang='lat' dir='ltr'><em>confirmaret</em></span> <span class='ocrx_word' id='word_1_244' title='bbox 993 2885 1032 2970; x_wconf 90' lang='lat' dir='ltr'><em>(l.</em></span> <span class='ocrx_word' id='word_1_245' title='bbox 1048 2912 1074 2950; x_wconf 86' lang='lat' dir='ltr'><em>c.</em></span> <span class='ocrx_word' id='word_1_246' title='bbox 1095 2887 1123 2970; x_wconf 90' lang='lat' dir='ltr'><em>I,</em></span> <span class='ocrx_word' id='word_1_247' title='bbox 1141 2888 1191 2968; x_wconf 90' lang='lat'><em>4),</em></span> <span class='ocrx_word' id='word_1_248' title='bbox 1218 2889 1277 2973; x_wconf 79' lang='lat' dir='ltr'><em>qui</em></span> 
     </span>
    </p>
   </div>
   <div class='ocr_carea' id='block_1_3' title="bbox 159 2969 1278 3119">
    <p class='ocr_par' dir='ltr' id='par_1_3' title="bbox 159 2969 1278 3119">
     <span class='ocr_line' id='line_1_31' title="bbox 159 2969 1278 3119; baseline 0.001 -86"><span class='ocrx_word' id='word_1_249' title='bbox 159 2979 226 3034; x_wconf 91' lang='lat' dir='ltr'><em>tam</em></span> <span class='ocrx_word' id='word_1_250' title='bbox 254 2971 314 3036; x_wconf 87' lang='lat' dir='ltr'><em>diu</em></span> <span class='ocrx_word' id='word_1_251' title='bbox 347 2973 385 3036; x_wconf 90' lang='lat' dir='ltr'><em>in</em></span> <span class='ocrx_word' id='word_1_252' title='bbox 418 2969 499 3035; x_wconf 91' lang='lat' dir='ltr'><em>aula</em></span> <span class='ocrx_word' id='word_1_253' title='bbox 531 2972 621 3057; x_wconf 78' lang='lat' dir='ltr'><em>repis</em></span> <span class='ocrx_word' id='word_1_254' title='bbox 651 2971 852 3052; x_wconf 84' lang='lat' dir='ltr'><em>morabatur,</em></span> <span class='ocrx_word' id='word_1_255' title='bbox 885 2993 986 3119; x_wconf 68' lang='lat' dir='ltr'><em>paam</em></span> <span class='ocrx_word' id='word_1_256' title='bbox 1017 2979 1101 3034; x_wconf 75' lang='lat' dir='ltr'><em>inter</em></span> <span class='ocrx_word' id='word_1_257' title='bbox 1127 2969 1278 3036; x_wconf 78' lang='lat' dir='ltr'><em>Senones</em></span> 
     </span>
    </p>
   </div>
   <div class='ocr_carea' id='block_1_4' title="bbox 151 3055 1279 4068">
    <p class='ocr_par' dir='ltr' id='par_1_4' title="bbox 151 3055 1279 4068">
     <span class='ocr_line' id='line_1_32' title="bbox 160 3055 1278 3142; baseline 0 -24"><span class='ocrx_word' id='word_1_258' title='bbox 160 3064 189 3118; x_wconf 88' lang='lat' dir='ltr'><em>et</em></span> <span class='ocrx_word' id='word_1_259' title='bbox 220 3077 327 3142; x_wconf 76' lang='lat' dir='ltr'><em>sepem</em></span> <span class='ocrx_word' id='word_1_260' title='bbox 356 3056 395 3120; x_wconf 90' lang='lat' dir='ltr'><em>de</em></span> <span class='ocrx_word' id='word_1_261' title='bbox 427 3055 675 3121; x_wconf 88' lang='lat' dir='ltr'><em>condicionibus</em></span> <span class='ocrx_word' id='word_1_262' title='bbox 695 3057 791 3138; x_wconf 90' lang='lat' dir='ltr'><em>pacis</em></span> <span class='ocrx_word' id='word_1_263' title='bbox 823 3079 883 3142; x_wconf 78' lang='lat' dir='ltr'><em>ape</em></span> <span class='ocrx_word' id='word_1_264' title='bbox 906 3065 982 3119; x_wconf 91' lang='lat' dir='ltr'><em>atur</em></span> <span class='ocrx_word' id='word_1_265' title='bbox 1014 3065 1043 3118; x_wconf 89' lang='lat' dir='ltr'><em>et</em></span> <span class='ocrx_word' id='word_1_266' title='bbox 1071 3058 1129 3140; x_wconf 82' lang='lat' dir='ltr'><em>qni</em></span> <span class='ocrx_word' id='word_1_267' title='bbox 1157 3055 1278 3120; x_wconf 86' lang='lat' dir='ltr'><em>dubius</em></span> 
     </span>
     <span class='ocr_line' id='line_1_33' title="bbox 151 3139 1276 3226; baseline -0.002 -22"><span class='ocrx_word' id='word_1_268' title='bbox 151 3139 266 3224; x_wconf 89' lang='lat' dir='ltr'><em>fuisse</em></span> <span class='ocrx_word' id='word_1_269' title='bbox 292 3141 430 3221; x_wconf 86' lang='lat' dir='ltr'><em>uidetur,</em></span> <span class='ocrx_word' id='word_1_270' title='bbox 456 3163 536 3204; x_wconf 88' lang='lat' dir='ltr'><em>num</em></span> <span class='ocrx_word' id='word_1_271' title='bbox 559 3161 658 3224; x_wconf 91' lang='lat' dir='ltr'><em>papa</em></span> <span class='ocrx_word' id='word_1_272' title='bbox 686 3139 815 3204; x_wconf 87' lang='lat' dir='ltr'><em>baberet</em></span> <span class='ocrx_word' id='word_1_273' title='bbox 840 3143 895 3204; x_wconf 88' lang='lat' dir='ltr'><em>ius</em></span> <span class='ocrx_word' id='word_1_274' title='bbox 923 3141 1012 3226; x_wconf 80' lang='lat' dir='ltr'><em>repis</em></span> <span class='ocrx_word' id='word_1_275' title='bbox 1041 3141 1180 3223; x_wconf 88' lang='lat' dir='ltr'><em>imperio</em></span> <span class='ocrx_word' id='word_1_276' title='bbox 1198 3141 1276 3225; x_wconf 90' lang='lat' dir='ltr'><em>pri-</em></span> 
     </span>
     <span class='ocr_line' id='line_1_34' title="bbox 159 3224 1278 3308; baseline -0.001 -19"><span class='ocrx_word' id='word_1_277' title='bbox 159 3225 273 3289; x_wconf 86' lang='lat' dir='ltr'><em>vandi.</em></span> <span class='ocrx_word' id='word_1_278' title='bbox 315 3225 404 3288; x_wconf 91' lang='lat' dir='ltr'><em>Nam</em></span> <span class='ocrx_word' id='word_1_279' title='bbox 426 3227 485 3288; x_wconf 84' lang='lat' dir='ltr'><em>etsi</em></span> <span class='ocrx_word' id='word_1_280' title='bbox 506 3233 640 3305; x_wconf 89' lang='lat' dir='ltr'><em>constat,</em></span> <span class='ocrx_word' id='word_1_281' title='bbox 661 3243 702 3286; x_wconf 80' lang='lat' dir='ltr'><em>en</em></span> <span class='ocrx_word' id='word_1_282' title='bbox 723 3224 872 3288; x_wconf 89' lang='lat' dir='ltr'><em>omnibus</em></span> <span class='ocrx_word' id='word_1_283' title='bbox 893 3227 1034 3289; x_wconf 81' lang='lat' dir='ltr'><em>manime</em></span> <span class='ocrx_word' id='word_1_284' title='bbox 1099 3226 1227 3308; x_wconf 88' lang='lat' dir='ltr'><em>iscopos</em></span> <span class='ocrx_word' id='word_1_285' title='bbox 1248 3233 1278 3288; x_wconf 88' lang='lat' dir='ltr'><em>et</em></span> 
     </span>
     <span class='ocr_line' id='line_1_35' title="bbox 160 3247 1279 3393; baseline 0 -21"><span class='ocrx_word' id='word_1_286' title='bbox 160 3309 334 3372; x_wconf 88' lang='lat' dir='ltr'><em>Metensem</em></span> <span class='ocrx_word' id='word_1_287' title='bbox 349 3317 377 3372; x_wconf 93' lang='lat' dir='ltr'><em>et</em></span> <span class='ocrx_word' id='word_1_288' title='bbox 391 3308 639 3373; x_wconf 90' lang='lat' dir='ltr'><em>Passauiensem</em></span> <span class='ocrx_word' id='word_1_289' title='bbox 654 3307 692 3372; x_wconf 89' lang='lat' dir='ltr'><em>iol</em></span> <span class='ocrx_word' id='word_1_290' title='bbox 705 3309 819 3393; x_wconf 81' lang='lat' dir='ltr'><em>episse,</em></span> <span class='ocrx_word' id='word_1_291' title='bbox 841 3318 877 3372; x_wconf 90' lang='lat' dir='ltr'><em>ut</em></span> <span class='ocrx_word' id='word_1_292' title='bbox 892 3311 1040 3373; x_wconf 90' lang='lat' dir='ltr'><em>animum</em></span> <span class='ocrx_word' id='word_1_293' title='bbox 1055 3247 1279 3374; x_wconf 49' lang='lat' dir='ltr'><em>gildebrandi</em></span> 
     </span>
     <span class='ocr_line' id='line_1_36' title="bbox 159 3391 1278 3476; baseline 0 -20"><span class='ocrx_word' id='word_1_294' title='bbox 159 3393 223 3456; x_wconf 90' lang='lat' dir='ltr'><em>sibi</em></span> <span class='ocrx_word' id='word_1_295' title='bbox 255 3392 472 3457; x_wconf 89' lang='lat' dir='ltr'><em>conciliarent</em></span> <span class='ocrx_word' id='word_1_296' title='bbox 508 3402 538 3456; x_wconf 87' lang='lat' dir='ltr'><em>et</em></span> <span class='ocrx_word' id='word_1_297' title='bbox 570 3393 615 3456; x_wconf 92' lang='lat' dir='ltr'><em>ad</em></span> <span class='ocrx_word' id='word_1_298' title='bbox 650 3415 787 3456; x_wconf 90' lang='lat' dir='ltr'><em>causam</em></span> <span class='ocrx_word' id='word_1_299' title='bbox 819 3391 992 3457; x_wconf 74' lang='lat' dir='ltr'><em>damonum</em></span> <span class='ocrx_word' id='word_1_300' title='bbox 1031 3393 1278 3476; x_wconf 86' lang='lat' dir='ltr'><em>suscipiendam</em></span> 
     </span>
     <span class='ocr_line' id='line_1_37' title="bbox 153 3476 1278 3561; baseline 0 -21"><span class='ocrx_word' id='word_1_301' title='bbox 153 3476 383 3561; x_wconf 86' lang='lat' dir='ltr'><em>perducerent,</em></span> <span class='ocrx_word' id='word_1_302' title='bbox 404 3487 512 3541; x_wconf 89' lang='lat' dir='ltr'><em>tamen</em></span> <span class='ocrx_word' id='word_1_303' title='bbox 527 3478 769 3542; x_wconf 89' lang='lat' dir='ltr'><em>Herimannurn</em></span> <span class='ocrx_word' id='word_1_304' title='bbox 786 3498 850 3540; x_wconf 89' lang='lat' dir='ltr'><em>sna</em></span> <span class='ocrx_word' id='word_1_305' title='bbox 864 3487 977 3560; x_wconf 89' lang='lat' dir='ltr'><em>sponte</em></span> <span class='ocrx_word' id='word_1_306' title='bbox 993 3485 1021 3540; x_wconf 89' lang='lat' dir='ltr'><em>et</em></span> <span class='ocrx_word' id='word_1_307' title='bbox 1035 3476 1121 3541; x_wconf 88' lang='lat' dir='ltr'><em>ultro</em></span> <span class='ocrx_word' id='word_1_308' title='bbox 1138 3485 1278 3561; x_wconf 92' lang='lat' dir='ltr'><em>optasse,</em></span> 
     </span>
     <span class='ocr_line' id='line_1_38' title="bbox 161 3561 1278 3646; baseline 0.003 -23"><span class='ocrx_word' id='word_1_309' title='bbox 161 3569 198 3624; x_wconf 91' lang='lat' dir='ltr'><em>ut</em></span> <span class='ocrx_word' id='word_1_310' title='bbox 223 3563 384 3626; x_wconf 85' lang='lat' dir='ltr'><em>sententia</em></span> <span class='ocrx_word' id='word_1_311' title='bbox 412 3583 475 3626; x_wconf 83' lang='lat' dir='ltr'><em>sua</em></span> <span class='ocrx_word' id='word_1_312' title='bbox 503 3561 605 3626; x_wconf 89' lang='lat' dir='ltr'><em>dubia</em></span> <span class='ocrx_word' id='word_1_313' title='bbox 635 3561 838 3646; x_wconf 81' lang='lat' dir='ltr'><em>arpumentis</em></span> <span class='ocrx_word' id='word_1_314' title='bbox 864 3561 1114 3644; x_wconf 80' lang='lat' dir='ltr'><em>confirmaretur</em></span> <span class='ocrx_word' id='word_1_315' title='bbox 1134 3585 1150 3626; x_wconf 92' lang='lat' dir='ltr'><em>e</em></span> <span class='ocrx_word' id='word_1_316' title='bbox 1171 3561 1278 3626; x_wconf 88' lang='lat' dir='ltr'><em>uerbis</em></span> 
     </span>
     <span class='ocr_line' id='line_1_39' title="bbox 161 3642 1278 3732; baseline 0.001 -22"><span class='ocrx_word' id='word_1_317' title='bbox 161 3642 317 3730; x_wconf 79' lang='lat' dir='ltr'><em>Greporii</em></span> <span class='ocrx_word' id='word_1_318' title='bbox 347 3647 456 3731; x_wconf 78' lang='lat' dir='ltr'><em>ipsius</em></span> <span class='ocrx_word' id='word_1_319' title='bbox 484 3644 596 3732; x_wconf 76' lang='lat' dir='ltr'><em>collipi</em></span> <span class='ocrx_word' id='word_1_320' title='bbox 619 3654 746 3730; x_wconf 88' lang='lat' dir='ltr'><em>potest:</em></span> <span class='ocrx_word' id='word_1_321' title='bbox 782 3644 878 3725; x_wconf 81' lang='lat' dir='ltr'><em>Quod</em></span> <span class='ocrx_word' id='word_1_322' title='bbox 904 3654 1011 3709; x_wconf 83' lang='lat' dir='ltr'><em>sutem</em></span> <span class='ocrx_word' id='word_1_323' title='bbox 1037 3644 1216 3730; x_wconf 82' lang='lat' dir='ltr'><em>postulasti,</em></span> <span class='ocrx_word' id='word_1_324' title='bbox 1246 3653 1278 3710; x_wconf 85' lang='lat' dir='ltr'><em>ts</em></span> 
     </span>
     <span class='ocr_line' id='line_1_40' title="bbox 160 3728 1279 3815; baseline 0.001 -22"><span class='ocrx_word' id='word_1_325' title='bbox 160 3729 252 3815; x_wconf 82' lang='lat' dir='ltr'><em>quusi</em></span> <span class='ocrx_word' id='word_1_326' title='bbox 280 3731 398 3795; x_wconf 83' lang='lat' dir='ltr'><em>nostris</em></span> <span class='ocrx_word' id='word_1_327' title='bbox 426 3730 490 3794; x_wconf 84' lang='lat' dir='ltr'><em>scri</em></span> <span class='ocrx_word' id='word_1_328' title='bbox 514 3731 555 3796; x_wconf 83' lang='lat' dir='ltr'><em>tis</em></span> <span class='ocrx_word' id='word_1_329' title='bbox 580 3730 685 3794; x_wconf 85' lang='lat' dir='ltr'><em>iuvari</em></span> <span class='ocrx_word' id='word_1_330' title='bbox 712 3750 751 3792; x_wconf 84' lang='lat' dir='ltr'><em>aa</em></span> <span class='ocrx_word' id='word_1_331' title='bbox 777 3729 975 3814; x_wconf 82' lang='lat' dir='ltr'><em>praemuniri</em></span> <span class='ocrx_word' id='word_1_332' title='bbox 1007 3740 1121 3794; x_wconf 80' lang='lat' dir='ltr'><em>contra</em></span> <span class='ocrx_word' id='word_1_333' title='bbox 1150 3728 1279 3794; x_wconf 83' lang='lat' dir='ltr'><em>illorum</em></span> 
     </span>
     <span class='ocr_line' id='line_1_41' title="bbox 158 3813 1278 3900; baseline 0.004 -24"><span class='ocrx_word' id='word_1_334' title='bbox 158 3813 318 3878; x_wconf 83' lang='lat' dir='ltr'><em>insaniam</em></span> <span class='ocrx_word' id='word_1_335' title='bbox 349 3824 424 3880; x_wconf 81' lang='lat' dir='ltr'><em>eta³</em></span> <span class='ocrx_word' id='word_1_336' title='bbox 497 3823 594 3898; x_wconf 84' lang='lat' dir='ltr'><em>taque</em></span> <span class='ocrx_word' id='word_1_337' title='bbox 628 3813 809 3899; x_wconf 71' lang='lat' dir='ltr'><em>Greporiu&#39;s</em></span> <span class='ocrx_word' id='word_1_338' title='bbox 839 3813 1055 3900; x_wconf 89' lang='lat' dir='ltr'><em>praeclaram</em></span> <span class='ocrx_word' id='word_1_339' title='bbox 1085 3814 1179 3880; x_wconf 89' lang='lat' dir='ltr'><em>illam</em></span> <span class='ocrx_word' id='word_1_340' title='bbox 1211 3818 1278 3900; x_wconf 85' lang='lat' dir='ltr'><em>epi·</em></span> 
     </span>
     <span class='ocr_line' id='line_1_42' title="bbox 161 3897 1276 3984; baseline 0 -23"><span class='ocrx_word' id='word_1_341' title='bbox 161 3897 282 3964; x_wconf 86' lang='lat' dir='ltr'><em>stulam</em></span> <span class='ocrx_word' id='word_1_342' title='bbox 310 3905 326 3982; x_wconf 96' lang='lat'><em>(</em></span> <span class='ocrx_word' id='word_1_343' title='bbox 330 3899 379 3964; x_wconf 84' lang='lat'><em>15.</em></span> <span class='ocrx_word' id='word_1_344' title='bbox 406 3899 507 3963; x_wconf 86' lang='lat' dir='ltr'><em>Mart.</em></span> <span class='ocrx_word' id='word_1_345' title='bbox 533 3898 631 3977; x_wconf 88' lang='lat'>1081)</span> <span class='ocrx_word' id='word_1_346' title='bbox 660 3899 803 3981; x_wconf 86' lang='lat' dir='ltr'><em>scripsit,</em></span> <span class='ocrx_word' id='word_1_347' title='bbox 832 3921 915 3983; x_wconf 84' lang='lat' dir='ltr'><em>qnae</em></span> <span class='ocrx_word' id='word_1_348' title='bbox 941 3897 994 3962; x_wconf 90' lang='lat' dir='ltr'><em>illi</em></span> <span class='ocrx_word' id='word_1_349' title='bbox 1022 3900 1182 3984; x_wconf 88' lang='lat' dir='ltr'><em>epistulae</em></span> <span class='ocrx_word' id='word_1_350' title='bbox 1198 3921 1276 3984; x_wconf 91' lang='lat' dir='ltr'><em>per-</em></span> 
     </span>
     <span class='ocr_line' id='line_1_43' title="bbox 160 3980 1279 4068; baseline -0.001 -22"><span class='ocrx_word' id='word_1_351' title='bbox 160 3981 277 4048; x_wconf 84' lang='lat' dir='ltr'><em>similis</em></span> <span class='ocrx_word' id='word_1_352' title='bbox 305 3993 351 4048; x_wconf 90' lang='lat' dir='ltr'><em>est</em></span> <span class='ocrx_word' id='word_1_353' title='bbox 379 4005 438 4048; x_wconf 92' lang='lat' dir='ltr'><em>nec</em></span> <span class='ocrx_word' id='word_1_354' title='bbox 467 3985 641 4068; x_wconf 81' lang='lat' dir='ltr'><em>quicquam</em></span> <span class='ocrx_word' id='word_1_355' title='bbox 668 3980 764 4046; x_wconf 88' lang='lat' dir='ltr'><em>aliud</em></span> <span class='ocrx_word' id='word_1_356' title='bbox 785 3985 927 4047; x_wconf 87' lang='lat' dir='ltr'><em>continet</em></span> <span class='ocrx_word' id='word_1_357' title='bbox 946 3985 1014 4048; x_wconf 89' lang='lat' dir='ltr'><em>nisi</em></span> <span class='ocrx_word' id='word_1_358' title='bbox 1036 3985 1227 4048; x_wconf 89' lang='lat' dir='ltr'><em>accuratius</em></span> <span class='ocrx_word' id='word_1_359' title='bbox 1249 3992 1279 4046; x_wconf 90' lang='lat' dir='ltr'><em>et</em></span> 
     </span>
    </p>
   </div>
   <div class='ocr_carea' id='block_1_5' title="bbox 162 4171 1278 4326">
    <p class='ocr_par' dir='ltr' id='par_1_5' title="bbox 162 4171 1278 4326">
     <span class='ocr_line' id='line_1_44' title="bbox 162 4171 1278 4244; baseline -0.002 -17"><span class='ocrx_word' id='word_1_360' title='bbox 162 4177 192 4241; x_wconf 88' lang='lat'><em>1)</em></span> <span class='ocrx_word' id='word_1_361' title='bbox 211 4174 281 4227; x_wconf 72' lang='lat' dir='ltr'><em>case</em></span> <span class='ocrx_word' id='word_1_362' title='bbox 300 4176 346 4237; x_wconf 91' lang='lat'><em>11,</em></span> <span class='ocrx_word' id='word_1_363' title='bbox 364 4193 391 4244; x_wconf 78' lang='lat' dir='ltr'><em>p.</em></span> <span class='ocrx_word' id='word_1_364' title='bbox 411 4173 474 4226; x_wconf 80' lang='lat' dir='ltr'><em>sss.</em></span> <span class='ocrx_word' id='word_1_365' title='bbox 576 4171 605 4237; x_wconf 78' lang='lat' dir='ltr'><em>n</em></span> <span class='ocrx_word' id='word_1_366' title='bbox 625 4173 697 4226; x_wconf 78' lang='lat' dir='ltr'><em>Isis.</em></span> <span class='ocrx_word' id='word_1_367' title='bbox 721 4190 748 4240; x_wconf 77' lang='lat' dir='ltr'><em>p.</em></span> <span class='ocrx_word' id='word_1_368' title='bbox 765 4172 828 4227; x_wconf 81' lang='lat' dir='ltr'><em>ess.</em></span> <span class='ocrx_word' id='word_1_369' title='bbox 848 4173 911 4225; x_wconf 78' lang='lat'>241.</span> <span class='ocrx_word' id='word_1_370' title='bbox 1017 4172 1048 4240; x_wconf 82' lang='lat' dir='ltr'><em>s)</em></span> <span class='ocrx_word' id='word_1_371' title='bbox 1066 4173 1147 4238; x_wconf 79' lang='lat' dir='ltr'><em>usa,</em></span> <span class='ocrx_word' id='word_1_372' title='bbox 1168 4190 1195 4240; x_wconf 76' lang='lat' dir='ltr'><em>p.</em></span> <span class='ocrx_word' id='word_1_373' title='bbox 1214 4174 1278 4225; x_wconf 81' lang='lat' dir='ltr'><em>ms.</em></span> 
     </span>
     <span class='ocr_line' id='line_1_45' title="bbox 1004 4275 1050 4326; baseline 0 -16"><span class='ocrx_word' id='word_1_374' title='bbox 1004 4275 1050 4326; x_wconf 70' lang='grc' dir='ltr'><em>Β*</em></span> 
     </span>
    </p>
   </div>
   <div class='ocr_carea' id='block_1_6' title="bbox 0 0 1562 4822">
    <p class='ocr_par' dir='ltr' id='par_1_6' title="bbox 0 0 1562 4822">
     <span class='ocr_line' id='line_1_46' title="bbox 0 0 1562 4822; baseline 0 0"><span class='ocrx_word' id='word_1_375' title='bbox 0 0 1562 4822; x_wconf 95' lang='lat' dir='ltr'><em> </em></span> 
     </span>
    </p>
   </div>
  </div>
 </body>
</html>
