3116 4822
315 401 365 450 DE
386 401 544 452 UNITATE
564 401 769 453 ECGLESIAE
792 401 1070 455 OONSERVANDA.
1232 405 1263 453 11

142 569 239 634 fuerit
267 571 296 634 ei
329 569 386 654 qui
419 577 466 632 est
498 568 690 632 huiusmodi.
742 569 852 632 Haeoa
881 578 929 633 est
954 570 1121 656 inscriptio
1131 583 1151 653 ¹,
1182 593 1265 658 quac

142 651 385 718 similitudinem
414 653 578 738 quandam
604 651 732 717 videtur
760 663 891 752 operata
913 676 983 718 esse
1008 655 1042 718 in
1063 676 1141 740 agro
1164 654 1264 720 domi-

142 738 225 818 nico,
253 738 345 802 iuxta
372 735 460 822 quod
487 736 565 800 dicit
593 737 754 800 Dominus
783 760 817 800 m
844 737 1022 823 euangelio,
1051 739 1203 825 quoniam
1230 741 1264 803 in

141 821 243 885 divini
265 823 372 885 medio
396 821 527 884 seminis
548 821 672 885 zizania
694 822 965 919 superseminavit
985 823 1135 887 inimicus
1157 823 1263 888 homo.

139 905 262 970 Notum
289 913 338 969 est
363 905 449 968 enim
471 903 522 968 his
543 905 600 990 qui
621 914 748 990 expert1
770 913 854 986 sunt,
884 908 1058 993 praecipue
1086 917 1193 972 autem
1214 907 1264 972 his

140 991 198 1074 qui
213 989 406 1054 divisionem
421 987 575 1054 ecclesiae
598 987 777 1071 doluerunt,
800 987 937 1075 qualiter
958 991 1051 1054 multi
1072 1013 1136 1056 non
1159 991 1262 1056 solum

139 1071 307 1152 laicorum,
330 1072 388 1138 sed
409 1075 635 1158 episcoporum
664 1083 697 1138 at
719 1095 760 1138 ue
782 1073 972 1138 clericorum
995 1078 1063 1140 sive
1089 1076 1262 1140 monacho·

140 1179 223 1238 rum,
245 1157 400 1222 habentes
423 1156 555 1242 quidem
576 1157 681 1222 zelum
698 1095 776 1230 lllei
800 1157 857 1222 sed
879 1181 943 1223 non
966 1159 1417 1235 secundumscien-eom.1o,e.

1274 816 1353 858 Matth,
1366 817 1404 870 18,

1311 877 1350 919 25.

140 1241 231 1321 tiam,
254 1243 336 1306 siout
357 1242 403 1306 ait
422 1240 596 1327 apostolus,
622 1241 857 1328 suspenderunt
882 1265 916 1307 se
945 1265 984 1306 ao
1013 1254 1264 1330 segregaverunt

139 1345 161 1388 a
184 1327 407 1390 communione
428 1326 527 1390 totius
550 1323 637 1390 orbis
660 1323 875 1402 ecclesiarum,
904 1335 1061 1412 quotquot
1088 1328 1263 1392 communi-

140 1420 217 1474 cant
238 1410 340 1474 nostri
361 1411 517 1496 temporis
538 1411 608 1495 regi
630 1411 828 1474 Francorum
850 1421 882 1476 et
902 1412 1089 1496 imperatori
1103 1412 1263 1476 Romano-

140 1515 224 1572 rum,
247 1494 374 1580 ipsique
396 1495 540 1560 exientes
550 1493 595 1538 Μ
616 1515 637 1557 a
651 1493 754 1575 nobis,
776 1517 840 1558 non
862 1517 920 1559 nos
942 1494 983 1558 ab
1006 1496 1095 1580 ipsis,
1112 1505 1264 1561 verentur

140 1577 234 1642 nobis
257 1579 496 1642 communicare
518 1576 569 1642 vel
588 1578 622 1642 in
643 1577 803 1664 colloquio
832 1577 883 1643 vel
911 1579 945 1642 in
966 1581 1056 1664 pacis
1079 1579 1188 1644 osculo
1211 1579 1265 1644 vel

139 1663 174 1725 in
186 1663 342 1726 orationis
364 1661 478 1732 studio,
511 1662 652 1727 Proinde
668 1684 741 1726 cum
756 1663 904 1747 superior
919 1685 1023 1728 sermo
1040 1664 1117 1728 satis
1133 1665 1263 1728 demon·

140 1747 300 1824 straverit,
328 1747 424 1810 nimis
452 1769 522 1812 esse
545 1747 741 1811 contrarium
763 1745 892 1810 divinae
914 1746 1108 1812 ordinationi
1130 1749 1263 1834 pariter·

139 1851 204 1915 que
226 1831 463 1896 ecclesiasticae
483 1831 567 1916 paci,
588 1831 798 1916 potestatibus
820 1853 885 1895 non
908 1833 1076 1896 subiacere
1100 1831 1263 1898 sublimio-

139 1911 240 1996 ribus,
262 1914 302 1980 de
318 1923 424 1978 cetero
440 1936 642 2002 quaeramus,
664 1915 692 1977 si
713 1914 798 1978 iusta
818 1915 914 1978 fuerit
934 1913 990 1978 illa
1009 1915 1143 1979 offensio
1158 1937 1263 2002 papae

137 1997 296 2063 adversus
318 2021 438 2084 regem,
461 1997 564 2084 qualis
587 2007 672 2064 certe
695 1998 805 2062 divisit
826 1997 981 2064 ecclesiae
1008 2001 1173 2080 unitatem,
1203 2023 1262 2084 pro

136 2083 233 2146 cuius
255 2080 379 2152 scilicet
399 2082 529 2146 unitatis
551 2105 660 2148 amore
681 2093 784 2148 toturn
806 2083 943 2168 agimus,
972 2083 1125 2169 quicquid
1147 2083 1263 2147 horum

138 2165 241 2231 locuti
261 2167 425 2248 fuerimus,
448 2188 513 2230 non
534 2190 593 2253 pro
616 2167 801 2233 defensione
822 2169 923 2254 partis
950 2166 1090 2246 alterius,
1121 2165 1263 2254 quando-

137 2251 271 2336 quidem
300 2262 407 2336 partes
435 2252 469 2314 in
499 2251 637 2316 ecclesia
663 2251 743 2316 nolit
765 2275 834 2316 esse
856 2252 958 2332 Deus,
987 2253 1139 2338 quoniam
1160 2259 1263 2316 totum

139 2333 296 2399 ecelesiae
330 2357 463 2420 corpus,
495 2337 588 2400 cuius
620 2345 717 2420 caput
749 2347 798 2402 est
834 2335 998 2416 Christus,
1028 2335 1164 2400 redemit
1192 2337 1263 2422 ipse

142 2419 300 2502 Christus,
321 2419 468 2506 ideoque,
491 2418 548 2484 ubi
564 2428 692 2484 nonest
713 2427 826 2500 totum,
847 2419 934 2506 quod
957 2420 1075 2486 dicitur
1093 2419 1263 2502 catholica,

141 2504 204 2566 hoc
218 2513 267 2569 est
280 2503 469 2568 universalis
484 2503 630 2586 ecclesia,
652 2503 699 2568 ibi
712 2526 778 2568 non
793 2513 842 2568 est
863 2503 993 2585 Christi,
1015 2504 1072 2569 sed
1087 2504 1263 2588 malignan-

143 2587 224 2650 tium
246 2587 390 2670 ecclesia,
413 2609 495 2674 quae
517 2587 621 2651 divisa
642 2597 691 2652 est
711 2588 745 2650 in
766 2599 858 2673 parte
881 2587 999 2674 aliqua.

228 2673 257 2737 6.
299 2673 386 2736 Ecce
414 2675 499 2736 enim
527 2671 613 2736 idem
642 2670 682 2736 de
711 2693 775 2756 quo
809 2672 917 2756 agitur
951 2694 1037 2757 papa
1069 2670 1264 2738 Hildebrant

143 2757 287 2842 suscepit
307 2755 481 2855 aliquando
503 2757 536 2818 in
550 2755 754 2821 accusatione
776 2757 861 2841 regis
884 2755 1004 2841 scripta
1026 2755 1168 2820 hostium
1190 2777 1262 2818 suo·

142 2861 224 2922 rum,
247 2849 280 2905 et
301 2839 437 2926 prornde
460 2841 755 2906 excommunicavit
776 2863 860 2922 eum,
889 2838 1152 2926 quandoquidem
1178 2841 1262 2903 sacri

93 2963 96 2967 ⁴
143 2945 281 2989 canones
304 2925 509 3006 constituant,
532 2947 597 2989 non
618 2947 713 3024 posse
735 2923 870 3011 aliquos,
900 2925 955 3010 qui
981 2935 1055 2989 ante
1077 2923 1262 2989 hesternum

141 3008 227 3074 diem
256 3019 312 3074 aut
333 3009 561 3074 nudiustertius
588 3011 711 3072 immioi
732 3009 871 3091 fuerunt,
899 3007 951 3072 vel
979 3018 1183 3074 accusatores
1210 3007 1263 3071 vel

140 3103 238 3159 testes
253 3093 333 3175 fieri,
355 3115 415 3157 nec
430 3093 547 3158 debere
561 3115 620 3178 per
635 3096 754 3178 scripta
768 3093 864 3158 ullius
878 3093 1116 3158 accusationem
1131 3093 1262 3178 suscipi,

142 3199 202 3243 nec
231 3187 452 3242 accusatorem
479 3177 611 3242 absente
640 3177 825 3242 adversario
855 3177 970 3246 audiri,
1016 3177 1081 3241 Sed
1110 3199 1168 3240 rex
1189 3198 1263 3263 pro-

140 3261 244 3326 fectus
267 3269 316 3326 est
336 3261 370 3324 in
390 3261 516 3326 Italiam
539 3261 759 3327 satisfacturus
780 3263 925 3326 Romano
948 3262 1091 3346 pontifici
1117 3283 1175 3347 pro
1198 3260 1263 3324 cul-

141 3346 203 3430 pis,
233 3346 351 3432 quibus
382 3368 416 3410 se
447 3347 783 3412 excommunicaverat
812 3356 843 3411 et
865 3347 956 3433 quasi
978 3346 1138 3430 privatum
1161 3366 1262 3430 regno

141 3431 207 3494 iam
234 3430 392 3512 effecerat,
420 3429 630 3516 depositoque
658 3430 745 3494 cultu
771 3431 861 3514 regio
891 3441 923 3495 et
948 3429 1061 3494 habitu
1083 3427 1263 3514 supplicem

144 3536 179 3580 se
200 3537 258 3600 per
279 3515 388 3578 omnia
409 3535 446 3578 ac
468 3515 685 3599 poenitentem
708 3513 852 3597 obtulit³,
874 3536 935 3578 nec
950 3513 1039 3599 prius
1054 3514 1142 3576 omni
1157 3513 1263 3578 officio

143 3694 166 3746 a)
184 3696 232 3736 Nec
249 3697 270 3737 1.
329 3693 353 3745 b)
371 3695 491 3744 exigentes
509 3698 528 3736 1.

145 3847 172 3910 1)
193 3846 235 3898 of.
254 3848 338 3898 verba
358 3863 381 3898 c.
400 3845 432 3896 8:
458 3863 542 3912 quare
561 3847 609 3898 boc
628 3846 770 3913 scripserit,
790 3855 814 3899 et
831 3863 915 3913 quare
933 3846 962 3896 r'rr
981 3863 1046 3914 apro
1066 3846 1196 3898 dominico
1215 3847 1263 3898 boe

144 3917 322 3970 seminaverit.
396 3919 424 3982 2)
452 3921 492 3971 cf.
514 3937 537 3970 c.
552 3923 581 3970 ⁷:
605 3928 730 3986 quotquot
758 3919 950 3972 communicant
974 3919 1032 3986 rapi
1050 3919 1216 3970 Francorum
1239 3927 1263 3970 et

143 3991 299 4058 imperatori
322 3991 512 4055 Romanorum,
536 3993 575 4044 e’to
598 4001 628 4044 ut
646 4002 770 4045 eueuutee
790 4011 807 4044 o
825 3993 909 4058 uobis,
927 4010 982 4044 uon
1000 4009 1048 4044 uos
1068 3993 1102 4044 ab
1120 3993 1186 4058 iper'e
1210 3997 1262 4044 etc.

144 4065 172 4129 3)
193 4066 235 4116 cf.
255 4081 280 4116 c.
302 4065 344 4116 15.
366 4065 428 4116 libri
446 4067 489 4129 113
513 4066 583 4118 Ann.
602 4067 751 4128 Lamberti,
772 4067 821 4118 SS.
833 4067 865 4130 V,
885 4085 912 4132 p.
932 4066 994 4118 259.
1015 4067 1084 4130 2603
1108 4067 1176 4116 Anu.
1197 4067 1262 4116 Ber·

145 4137 248 4199 tholdi,
277 4138 326 4190 SS.
339 4139 372 4200 V,
403 4157 429 4205 p.
450 4139 517 4202 2903
548 4141 706 4190 Bonithonie
730 4140 790 4190 libr.
816 4139 851 4188 ad
875 4155 927 4190 am.
946 4139 1031 4201 VIII;
1057 4141 1174 4201 Donizo,
1199 4139 1263 4188 Vita

144 4211 293 4270 Mathildis,
319 4211 368 4263 SS.
387 4212 451 4273 XII,
476 4229 501 4278 p.
521 4211 590 4276 382;
619 4212 756 4278 Epistulae
779 4213 903 4276 Gregorii
922 4211 1041 4278 (epistul.
1065 4211 1198 4264 collectae
1220 4211 1263 4272 17,

142 4283 213 4335 Jsffe
245 4302 271 4350 p.
292 4285 355 4348 543,
386 4291 412 4336 et
437 4286 588 4349 Registrum
612 4287 660 4348 IV,
682 4283 741 4351 12);
773 4285 883 4349 Renke,
912 4285 973 4336 ‘Zur
997 4285 1087 4337 Kritik
1114 4284 1263 4336 frtnlrisch·

145 4358 288 4408 deutscher
307 4358 567 4409 Reichsannalisten’
586 4377 613 4426 p.
630 4359 786 4409 rao-458.
