3110 4808
300 365 340 416 VI
579 363 701 416 BRUNO
720 362 771 413 DE
790 363 911 416 BELLO
931 362 1122 416 SAXONIOO.

296 534 395 618 parti
427 531 581 596 addictus
612 533 669 596 oia
704 555 742 596 ac
775 553 816 596 ne
847 532 906 596 oia·
938 532 1067 617 quidem
1097 534 1241 616 reperiri
1266 538 1424 617 potuerit,

302 628 331 682 et
352 624 461 682 noster
482 615 603 680 seelera
626 616 666 680 ab
690 616 847 680 Heinrico
870 617 1006 679 iuvene¹
1022 625 1218 702 perpetrata
1246 616 1296 682 vel
1325 641 1347 681 a
1359 617 1422 702 fa-

302 699 490 766 miliaribus
512 703 583 764 eius
605 721 637 763 se
660 703 821 785 accepisse
838 699 1046 784 profiteatur.
1090 699 1243 765 Heinriei
1270 723 1323 765 res
1350 725 1423 766 cum

305 785 463 871 Gregorio
493 783 562 847 VII.
592 785 730 848 nonnisi
752 792 910 869 quantam
940 783 985 848 ad
1006 782 1121 847 bellum
1143 783 1349 849 Senonicum
1360 786 1422 870 fa-

303 870 431 934 ciebant
453 871 514 932 atti
538 870 571 948 it,
600 877 630 932 ct
650 890 808 931 summum
824 867 1014 952 pontificem
1030 870 1167 951 patriae
1187 890 1313 954 semper
1330 878 1421 952 post·

304 954 428 1017 habuit.
471 952 504 1014 B
545 974 599 1014 um
630 953 738 1036 ipitur
769 951 872 1032 ciuile,
905 950 1000 1034 quale
1032 951 1179 1016 nondum
1210 953 1422 1036 compositum

302 1038 474 1103 Saxonum
513 1036 695 1120 rincipibus
711 1060 732 1099 a
753 1037 881 1120 paruit,
904 1035 1021 1099 Bruno
1043 1035 1249 1100 scribendum
1270 1036 1334 1100 sibi
1345 1059 1423 1121 pro-

297 1123 422 1208 posuit.
529 1121 595 1182 inet
622 1119 702 1184 liber
748 1120 923 1183 acumentis
953 1119 1148 1183 authenticis
1168 1121 1311 1200 insertis,
1339 1122 1422 1184 scri·

303 1207 401 1272 bendi
431 1205 559 1268 ratione
590 1203 715 1283 vivida,
748 1202 944 1286 aliquotiens
968 1203 1086 1286 faceta
1117 1212 1147 1266 et
1172 1204 1315 1285 iocosa²,
1348 1203 1422 1268 stilo

303 1289 455 1373 simplici,
477 1289 644 1352 sententiis
665 1287 814 1372 rhythmo
837 1285 978 1371 quodam
994 1288 1161 1370 praeditis
1182 1296 1211 1350 et
1232 1287 1325 1351 haud
1341 1311 1422 1353 raro

302 1377 338 1438 in
361 1372 486 1437 eosdem
508 1393 604 1435 sonos
625 1370 826 1450 eneuntibus,
855 1379 884 1432 et
909 1368 983 1434 licet
1008 1370 1166 1434 adversae
1186 1373 1297 1456 partis
1317 1374 1421 1457 scrip-

302 1457 428 1521 toribus
450 1454 648 1520 Ehhehardo
677 1454 899 1539 Uraopiensi³
922 1463 951 1516 et
972 1451 1050 1518 aliis
1072 1457 1204 1520 minime
1215 1455 1347 1539 placere
1357 1478 1419 1539 po·

302 1544 410 1622 tuerit,
433 1538 527 1623 apud
542 1546 690 1622 posteros
712 1547 819 1601 tamen
842 1538 934 1602 haud
952 1559 1064 1621 parva
1080 1541 1272 1602 auctoritate
1285 1543 1422 1625 parisus

303 1646 370 1689 esse
389 1625 529 1702 videtur,
551 1645 650 1707 quum
671 1623 818 1686 monimo
840 1622 911 1685 eius
928 1645 1015 1706 pars
1037 1621 1166 1686 saeculo
1188 1623 1263 1686 XII.
1286 1632 1420 1688 eaeunte

304 1709 344 1773 ab
366 1707 548 1772 Annalista
570 1704 713 1787 Sauone,
742 1715 771 1770 et
797 1704 924 1769 saeculo
947 1705 1034 1770 XVI.
1057 1707 1189 1770 ineunte
1219 1706 1259 1770 ab
1290 1716 1421 1771 auctore

303 1793 452 1859 chronici
465 1789 758 1876 Mapdeburpensis
777 1791 998 1938 transscripta
1019 1791 1071 1853 sit.
1114 1789 1181 1854 Sed
1195 1813 1282 1854 unus
1296 1800 1422 1856 tanetum

302 1878 379 1943 libri
400 1875 501 1941 codem
522 1883 620 1954 catat,
649 1875 687 1937 in
708 1875 905 1940 monasterio
958 1875 1052 1938 eteris
1076 1873 1180 1938 Cellae
1201 1874 1329 1938 saeculo
1350 1875 1421 1940 XV.

302 1970 436 2026 eaeunte
457 1967 624 2040 enaratus,
651 1959 738 2023 unde
765 1959 923 2023 editiones
944 1957 1159 2038 bhehem‘ana,
1187 1957 1372 2023 Straviana
1394 1969 1424 2022 et

302 2055 416 2112 nostra
427 2043 612 2128 fluaerunt.
656 2042 817 2105 Servatur
839 2042 933 2105 hodie

388 2128 424 2210 1)
445 2129 483 2191 in
506 2126 696 2190 bibliotheca
717 2126 943 2188 universitatis
958 2146 993 2187 re
1020 2126 1071 2188 iae
1085 2125 1270 2209 Lipsiensis
1285 2147 1420 2191 nuneero

304 2212 395 2276 1323.
424 2212 494 2275 insi
516 2211 586 2290 nis,
622 2210 814 2272 chartaceus
844 2209 882 2272 in
910 2209 962 2271 4⁰.
980 2147 1058 2293 Jqoll.
1086 2209 1191 2272 2-55
1220 2210 1419 2290 Brunonem,

301 2295 370 2373 foll.
385 2293 437 2358 55'
502 2293 531 2356 6.
576 2293 714 2356 uaedam
733 2314 773 2356 ea
787 2290 923 2354 Platina
938 2295 1169 2376 transscripta,
1181 2291 1259 2377 foll.
1275 2293 1420 2358 66‘-73.

303 2387 455 2462 excerpta
476 2399 515 2441 erc
536 2317 734 2441 llhhehardo
764 2376 966 2460 Uraupiensi
988 2377 1183 2461 complemus,
1206 2379 1268 2441 hac
1290 2379 1420 2464 epipra·

299 2463 389 2547 pha:
422 2461 510 2525 Finit
531 2460 582 2530 ,de
613 2457 698 2525 bello
731 2458 892 2524 Saxonioo
927 2510 935 2524 .
970 2467 1002 2524 st
1030 2459 1093 2523 fine
1122 2460 1256 2524 Henriei
1285 2461 1420 2547 quarti.

304 2542 544 2610 19.1u1iiAnni
568 2542 657 2607 1500.
679 2566 739 2629 per
759 2545 890 2608 fratrem
903 2543 947 2606 M.
964 2542 997 2607 S.
1013 2543 1106 2608 Tune
1121 2544 1270 2630 priorem.
1308 2543 1421 2610 Gratis
1508 2553 1512 2560 '

301 2629 384 2694 Deo.
426 2627 506 2694 Foll.
522 2629 656 2692 74-83.
680 2629 768 2692 alius
790 2629 890 2692 eodan
911 2627 1067 2714 lependas
1090 2629 1128 2692 de
1151 2628 1185 2693 S.
1201 2629 1346 2694 Antonio
1369 2651 1421 2694 ea-

301 2715 394 2778 hibet.
439 2712 591 2797 Scriptor
611 2711 721 2777 multis
744 2711 945 2795 compendiis
967 2735 1058 2793 usus,
1081 2721 1202 2776 tentum
1229 2713 1266 2776 in
1288 2716 1420 2777 aniver-

301 2821 373 2862 sum
395 2799 522 2883 qualem
542 2806 710 2880 repererat
722 2796 868 2878 fideliter
888 2805 918 2859 et
932 2806 1084 2860 accurate
1098 2803 1236 2874 secutus,
1259 2795 1421 2859 nonnulla

301 2891 408 2945 tamen
423 2881 516 2945 haud
537 2881 614 2944 bene
634 2879 827 2944 intellexisse
848 2887 877 2941 et
898 2877 1074 2961 informis
1096 2879 1265 2942 nominum
1312 2880 1420 2961 ropri·

302 2987 395 3029 orum
423 2987 519 3026 suum
546 2965 661 3047 potius
693 2973 818 3048 tempus
847 2963 1043 3045 expressisse
1073 2962 1209 3026 videtur.
1267 2901 1420 3044 dimitam

301 3049 435 3111 initium
456 3047 564 3110 littera
586 3045 690 3109 rubra
711 3047 850 3109 indicat.

387 3128 445 3212 lb)
476 3127 660 3195 Chronicon
683 3128 975 3214 Mapdeburqense,
1005 3129 1100 3191 cuius
1131 3127 1232 3191 codex
1260 3129 1297 3192 in
1324 3149 1419 3192 mem·

301 3214 410 3278 brana
431 3215 573 3295 scriptus
596 3234 686 3276 anno
711 3212 800 3276 1600.
829 3235 851 3275 a
873 3211 1081 3295 Marquardo
1103 3211 1243 3276 Frehero
1271 3213 1316 3278 ad
1338 3212 1419 3277 Mei·

301 3298 439 3362 hominm
460 3296 695 3360 transmissus⁴
716 3304 745 3358 et
761 3305 879 3379 postea
903 3297 998 3360 Tamo
1017 3296 1061 3358 ΙΙ.
1085 3293 1147 3363 SS.
1171 3294 1277 3360 Germ.
1300 3297 1419 3362 Meibo·

300 3383 361 3446 mii
388 3382 478 3467 typis
506 3379 678 3464 eocdpatus
704 3389 759 3460 est,
790 3381 901 3444 omnia
930 3401 1015 3462 quae
1042 3380 1121 3442 inde
1151 3403 1173 3443 a
1190 3381 1326 3466 popina
1347 3381 1418 3446 288.

301 3487 402 3550 usque
425 3464 471 3530 ad
486 3487 524 3548 p.
547 3463 618 3528 319.
644 3463 808 3550 lepuntnr,
825 3472 961 3547 praeter
982 3463 1021 3526 21
1049 3462 1156 3527 lineas
1173 3466 1326 3550 popinae
1347 3463 1420 3528 313.

300 3559 330 3613 ct
357 3557 422 3611 tres
450 3548 556 3612 lineas
580 3550 732 3632 papinae
754 3548 827 3628 314,
855 3570 896 3612 ea
925 3547 1089 3633 capitibus
1110 3547 1284 3612 Brunonis
1307 3548 1420 3612 1-41.

300 3631 436 3696 44-47.
458 3629 592 3696 52-58.
615 3630 749 3697 60—65.
772 3630 823 3695 68.
845 3629 1000 3696 74-102.
1025 3630 1095 3693 117.
1118 3631 1294 3695 121-131.
1320 3631 1417 3696 docu-

300 3717 415 3778 mentis
447 3715 567 3780 scilicet
593 3715 750 3800 plurimis
777 3717 1033 3800 praetermissis,
1059 3716 1188 3798 petivit.
1236 3716 1354 3779 Teutas
1382 3718 1419 3780 in

300 3799 446 3862 minimis
472 3800 570 3862 etiam
598 3807 664 3862 tam
688 3820 801 3884 presse
829 3798 1059 3864 adlectionem
1080 3798 1203 3863 codicis
1225 3800 1253 3861 l.
1285 3799 1419 3881 accedit,

301 3891 337 3944 ut
358 3903 424 3947 non
447 3904 486 3946 en
507 3904 542 3948 eo
566 3883 695 3969 quidem
717 3883 775 3946 sed
788 3904 829 3946 ea
844 3885 1006 3947 communi
1025 3905 1097 3946 cum
1119 3904 1154 3947 eo
1166 3881 1264 3968 fonte
1275 3883 1419 3968 fluaisse

303 4053 332 4121 1)
351 4053 505 4106 Bromanem
522 4055 598 4106 initio
617 4055 703 4122 operis
721 4055 755 4106 de
773 4054 868 4108 iuuene
886 4054 1013 4108 Heinrieo
1032 4055 1144 4107 scribere
1158 4061 1250 4120 potem·
1269 4055 1341 4107 tmde
1353 4072 1419 4108 non·

300 4128 378 4178 nulla
406 4145 424 4177 a
455 4127 485 4181 V.
514 4125 550 4180 a.
581 4127 686 4180 Stennel
716 4127 746 4180 Τ.
774 4129 821 4192 Il,
851 4129 969 4180 55-66.
997 4128 1025 4180 in
1054 4144 1113 4178 eum
1139 4127 1240 4178 monita
1268 4127 1419 4180 diluuntur.

302 4198 331 4265 2)
350 4217 372 4252 e.
390 4218 417 4267 9.
437 4218 495 4266 cap.
516 4201 560 4252 75.
581 4203 624 4253 ⁷7.
641 4202 684 4252 83.
704 4202 749 4252 96.
824 4201 854 4266 3)
867 4201 1175 4254 Ehlcehardusnostrum
1189 4200 1292 4252 novisse
1305 4201 1418 4266 ridetur,

301 4273 348 4324 sed
375 4273 404 4323 in
432 4272 553 4326 chronico
576 4292 625 4326 suo
649 4293 675 4326 a.
702 4273 891 4326 1068-1080.
918 4291 961 4327 res
984 4275 1141 4340 pleramque
1169 4271 1290 4326 dioneos
1319 4274 1418 4327 scribit.

302 4343 333 4410 4)
358 4344 388 4398 V.
407 4345 542 4398 Meibomii
559 4347 671 4399 iunioris
687 4346 891 4414 praefationm
