3098 4818
415 321 535 375 BRUNO
553 324 603 374 DE
622 324 741 376 BELLO
761 325 950 377 SAXONICO.
1203 327 1237 378 95

119 496 269 636 portatur
283 489 418 552 occisus.
461 490 567 570 Quem
583 493 640 577 qui
653 491 808 573 ferebant,
830 491 880 556 his
895 494 950 580 qui
964 495 997 556 in
1012 496 1125 559 castris
1140 505 1239 578 erant,
1250 503 1316 547 1⁰⁸⁰·

143 571 293 658 elonga:
316 573 449 658 ‘Fugite
471 577 606 659 Fugite',
628 574 824 660 clamabant3
847 576 923 643 Otto
945 599 1084 664 namque
1103 577 1172 644 dux
1185 562 1294 664 ad-fssf'

119 665 248 741 sumpta
268 656 411 742 peditum
434 666 550 738 turma,
578 658 641 724 illis
670 661 726 746 qui
747 672 873 726 nostros
894 663 927 726 in
948 661 1057 748 fugam
1079 674 1239 730 verterant

118 759 255 838 aequam
277 741 382 806 vicem
403 743 559 827 rependit,
586 766 707 832 eosque
728 755 819 831 terga
840 746 903 810 sibi
924 757 1136 812 monstrantes
1157 749 1237 814 insc-

117 845 175 972 301
196 847 260 888 11011
282 836 356 891 ante
378 825 510 909 desistit,
533 850 630 914 quam
654 849 708 895 eos
730 852 788 914 per
808 829 915 895 media
936 842 1040 896 castra
1053 832 1238 898 festinantes

109 945 112 951 ·
142 910 253 973 uvium
282 910 359 974 satis
390 933 463 976 cum
493 912 636 996 periculo
665 915 818 978 transisse
846 916 1024 1001 conspexit.
1067 915 1151 984 Nam
1172 917 1238 984 fere

117 1013 184 1056 11011
212 995 317 1057 minor
344 1017 420 1080 pars
449 995 588 1061 hostium
616 997 650 1061 in
677 997 778 1062 fluvio
800 1020 897 1085 quam
924 1000 1020 1084 periit
1047 1001 1081 1064 in
1106 1000 1237 1086 proelio.

117 1075 210 1142 Tunc
242 1078 365 1163 pedites
398 1079 526 1165 plenam
562 1103 596 1145 se
634 1092 798 1168 sperantes
831 1083 1029 1148 obtinuissea
1051 1085 1238 1169 ¹victoriam,

118 1170 296 1226 castrorum
311 1161 462 1230 volebant
476 1165 626 1230 invadere
640 1169 796 1252 rapinam.
840 1167 906 1232 Sed
921 1167 989 1232 dux
1005 1168 1081 1234 Otto
1096 1170 1237 1255 prudens

117 1245 152 1307 in
173 1244 265 1320 bello,
294 1249 407 1312 timens
434 1271 474 1314 ne
501 1249 608 1314 adhuc
637 1250 743 1315 hostes
772 1250 871 1338 aliqui
898 1262 971 1337 post
998 1263 1089 1338 terga
1114 1277 1237 1319 remen·
1296 1298 1299 1306 »

116 1329 240 1412 sissent,
262 1333 386 1397 monuit
406 1355 461 1397 eos
483 1354 503 1396 a
523 1333 644 1420 praeda
665 1356 779 1398 manus
800 1336 926 1400 interim
943 1339 1113 1420 continere,
1135 1337 1238 1402 donea

117 1415 196 1478 certi
228 1417 314 1502 quod
346 1415 452 1481 nullus
484 1417 584 1482 hostis
616 1440 635 1480 a
667 1430 757 1503 tergo
789 1417 958 1500 latuisset·
974 1422 1077 1486 securi
1106 1434 1238 1507 possent

116 1501 244 1567 hostilia
264 1512 369 1566 eastra
389 1502 537 1601 diripere.
580 1503 695 1589 ltaque
723 1526 869 1570 reversus
892 1527 966 1568 cum
988 1505 1162 1592 peditibus,
1190 1507 1237 1570 in-

115 1588 204 1652 venit
224 1589 258 1651 in
278 1586 350 1651 loco
365 1585 478 1672 proehi
492 1587 682 1651 Heinricum
698 1586 738 1651 de
752 1586 878 1653 Lacha¹
900 1610 975 1652 cum
989 1591 1132 1653 maxima
1169 1601 1237 1656 arte

115 1672 291 1753 exercitus,
325 1673 389 1735 iam
424 1672 517 1758 quasi
545 1671 585 1734 de
615 1672 750 1736 victoria
776 1672 1026 1758 triumphantem
1054 1686 1086 1739 et
1112 1681 1120 1714 ‘
1154 1675 1236 1760 yn‘e

115 1755 246 1840 eleyson
255 1756 272 1818 Ρ
294 1755 377 1820 lacto
400 1753 538 1819 clamore
559 1765 737 1820 canentem.
783 1756 889 1836 Quam
904 1755 1140 1822 multitudinem
1162 1781 1236 1824 cum

114 1839 248 1905 vidisset
269 1839 337 1904 dux
359 1839 446 1920 Otto,
468 1837 571 1904 voluit
590 1861 662 1904 eam
683 1839 825 1904 (lentare
846 1841 960 1925 primo,
984 1842 1060 1926 quia
1081 1863 1146 1906 non
1165 1863 1236 1906 eam

116 1923 245 1989 turbam
267 1946 301 1988 se
323 1916 405 1989 vidit
425 1922 553 2004 habere,
576 1945 650 1988 cum
672 1945 832 2010 quacum
854 1934 942 1989 tanta
963 1923 1088 2010 legione
1110 1935 1237 2011 putaret

114 2016 218 2073 tutum
246 2030 404 2095 pugnare3
434 2006 491 2071 sed
517 2029 628 2072 rursus
655 2009 853 2094 recogitans,
891 2009 968 2095 quia
997 2011 1068 2074 Deo
1095 2031 1158 2073 non
1188 2020 1237 2074 est

115 2093 246 2158 difficile
268 2092 405 2157 multosb
427 2092 461 2156 in
481 2093 594 2176 paucis
609 2093 747 2174 vincere,
768 2093 894 2158 fortiter
915 2115 969 2157 eos
984 2093 1095 2174 adivit,
1117 2104 1149 2159 et
1163 2093 1245 2159 Deo.

115 2175 210 2243 dante
231 2176 293 2242 illis
308 2177 455 2264 spiritum
470 2177 602 2258 timoris,
625 2178 687 2243 cito
710 2199 764 2243 eos
786 2177 820 2241 in
833 2177 943 2264 fugam
959 2179 1126 2242 convertit.
1159 2176 1235 2242 Om-

114 2261 210 2327 nibus
240 2284 317 2346 ergo
346 2272 402 2327 aut
429 2263 463 2324 in
490 2259 589 2325 fluvio
616 2263 729 2328 mersis
750 2272 806 2326 aut
826 2261 910 2326 ultra
935 2261 1071 2326 fluvium
1098 2263 1229 2348 firgatis:

115 2347 236 2428 ‘Nunc',
258 2347 304 2410 ait
317 2345 386 2410 dux
401 2346 488 2426 Otto,
511 2353 627 2410 ‘castra
642 2347 746 2410 securi
785 2347 949 2433 erquirite3
972 2369 1057 2411 nunc
1072 2349 1132 2412 tuti
1148 2347 1235 2434 quic-

114 2431 194 2518 quid
207 2431 392 2496 invencritis
406 2430 560 2514 accipite;
577 2440 609 2494 et
623 2368 782 2517 quicquid
790 2430 884 2496 hodie
899 2431 960 2496 fuit
969 2430 1118 2512 hostium,
1129 2440 1236 2498 vestra

113 2516 231 2580 virtute
253 2515 346 2580 vobis
372 2523 567 2599 praestante,
596 2524 740 2578 vestrum
760 2516 899 2580 vocatel'
942 2515 1004 2580 His
1025 2515 1132 2580 verbis
1157 2523 1261 2580 110111·

114 2598 192 2664 dum
214 2599 311 2662 finitis
334 2596 460 2663 hostilia
482 2607 586 2662 castra
599 2597 789 2683 pervadunt,
812 2610 844 2663 et
865 2600 973 2664 omnia
995 2622 1078 2685 quae
1099 2609 1174 2664 sunt
1187 2601 1234 2663 in-

112 2695 218 2758 venta,
240 2683 426 2748 festinanter
446 2683 611 2746 invadunt.
655 2682 738 2748 Sunt
759 2693 866 2748 autem
889 2685 1020 2749 inventa
1041 2681 1143 2748 multa
1162 2705 1234 2768 pre-

111 2769 194 2835 tiosa
214 2767 360 2847 tentoria,
389 2765 489 2830 multa
510 2768 737 2852 episcopomm
766 2767 885 2831 scrinia
911 2769 1010 2832 sacris
1038 2767 1234 2833 indumentis

114 2863 146 2920 et
171 2853 257 2918 vasis
285 2850 394 2938 plena,
428 2849 528 2916 multa
555 2852 649 2914 vasa*
680 2873 780 2916 aurea
810 2861 843 2915 et
873 2862 1026 2950 argentea
1052 2851 1233 2917 cottidianis
1242 2869 1276 2925 *1,
1287 2875 1337 2916 ser.

112 2937 225 3004 usibus
246 2945 331 3023 apta,
353 2933 471 3000 multae
494 2956 621 3022 quoque
642 2937 767 3021 argenti
786 2933 838 2998 vel
859 2956 929 3000 auri
949 2934 1097 3017 laminae,
1119 2935 1233 3000 multo-

112 3035 195 3122 11111υ
222 3022 365 3086 maxima
392 3040 467 3106 pars
488 3028 672 3085 numeratae
694 3021 859 3105 pecuniae,
889 3019 962 3106 equi
985 3018 1233 3118 quamplurimi

112 3106 208 3171 sunul
229 3119 262 3172 et
283 3106 406 3191 optimi,
428 3125 518 3168 arma
538 3105 666 3189 generis
687 3105 839 3186 universi,
861 3113 1041 3186 mutatoria,
1063 3115 1232 3192 ceteraque

112 3191 181 3256 sine
202 3189 422 3255 aestimatione
443 3189 643 3271 vestimenta,
665 3187 717 3254 vel
734 3198 771 3254 ut
786 3188 926 3254 breviter
940 3188 1055 3272 dicam,
1078 3189 1232 3275 quicquid

112 3276 271 3362 episcopi,
301 3271 500 3338 coloniensis
508 3273 562 3356 ⁶³,
591 3273 818 3338 Treverensis³
846 3281 878 3338 et
905 3271 960 3338 alii
986 3272 1052 3338 fere
1082 3283 1231 3359 quatuor-

112 3358 217 3424 decim
246 3379 355 3423 secum
383 3355 570 3434 attulerant,
601 3357 754 3444 quicquid
783 3357 851 3422 dux
878 3357 1062 3422 Fridericus
1070 3367 1093 3438 ⁴,
1123 3378 1231 3421 eomes

111 3442 285 3508 Heinricus
317 3443 415 3506 ceteri
438 3463 478 3506 ue
509 3441 660 3506 ditissimi
698 3441 843 3506 homines
877 3461 987 3505 secum
1015 3451 1231 3526 portaverant,

134 3525 268 3628 nicquid
299 3527 333 3590 in
359 3525 426 3610 Erp
450 3525 547 3591 essort
578 3535 759 3611 rapuerant,
792 3525 900 3589 omnia
927 3523 981 3588 illa
1006 3527 1108 3591 nostn'
1136 3524 1231 3589 simul

135 3613 307 3698 ’riprentes
328 3609 371 3674 ad
392 3620 496 3674 castra
517 3632 576 3674 sua
596 3621 753 3675 venerunt
772 3609 1014 3696 triumphantes.

196 3697 267 3761 123.
310 3691 360 3758 Illi
380 3716 457 3758 vero
485 3695 540 3780 qui
561 3691 704 3779 gladium
726 3694 912 3779 effugerant,
964 3703 1078 3759 nantas
1104 3692 1230 3758 calami-

110 3790 191 3848 tates
205 3781 240 3845 in
252 3779 361 3861 fluvio,
384 3777 484 3860 silvis,
505 3776 676 3864 paludibus
691 3779 891 3861 sustinerent,
914 3800 956 3842 nu
981 3779 1053 3844 ‘est
1067 3776 1230 3860 credibile,

110 3934 133 3988 a)
149 3934 332 3984 aerbamaddidr,
348 3935 372 3974 tn
387 3934 400 3973 2
413 3934 465 3973 haee
478 3934 558 3973 amaea
570 3939 628 3975 eant.
681 3931 706 3986 b)
721 3933 960 3984 tumulantium.
1021 3931 1043 3985 0)
1059 3934 1178 3983 multaque
1194 3927 1229 3974 1¹³.

110 3995 133 4047 d)
146 3995 192 4036 tnlt
206 3995 239 4035 tle
252 4004 367 4044 perperam
381 3993 457 4032 taam
473 3995 494 4036 1.

112 4107 140 4174 1)
161 4107 215 4171 Qae’
235 4125 319 4161 canter
332 4107 474 4174 palatinae
488 4105 574 4159 erem'
583 4107 680 4174 factm
698 4105 886 4159 monasteriam
903 4105 1023 4160 Lacenae
1042 4105 1168 4158 condidit.
1194 4105 1229 4158 W.

112 4181 142 4249 2)
162 4180 1007 4250 Sipewini,qaemHildalt'omartaoa.1078.reainetitaerat.
1033 4179 1069 4232 W.
1115 4178 1144 4248 3)
1157 4180 1231 4247 Epil-

111 4257 206 4318 aeta,
226 4257 273 4322 qai
296 4255 384 4308 Udana'
402 4273 427 4309 a.
451 4255 529 4307 10⁷9.
548 4261 715 4307 eacamaemt.
741 4254 776 4306 W.
824 4256 852 4318 4)
872 4252 1033 4320 Staafeneis,
1052 4252 1230 4306 caia.10⁷9.

109 4345 158 4382 rea
167 4327 346 4382 Alamanniae
363 4329 490 4382 duanam
505 4331 650 4382 contulerat
659 4328 934 4396 filiamqaedpnetem
950 4328 1168 4394 desponsaverat.
1193 4327 1229 4380 W.
