3098 4818
305 343 342 394 80
594 341 717 395 BRUNO
734 341 783 393 DE
803 341 925 394 BELLO
946 340 1139 396 ssxomco,

231 511 442 592 runoidetur,
466 511 524 576 boc
539 509 653 575 saltem
667 520 783 592 cavete,
805 533 845 575 ue
867 512 926 576 boc
941 511 1028 596 qaod
1046 511 1114 574 iam
1127 508 1270 594 fecistis,
1292 510 1435 574 irritum

297 596 377 679 fieri
397 597 608 682 permittatis.
659 595 749 659 Nam
779 597 810 659 si
842 596 900 660 boc
928 595 1017 694 quod
1042 598 1079 660 in
1118 594 1243 680 synodo
1270 593 1433 658 Romana

306 679 488 764 dq‘finitum
510 689 539 743 et
555 689 633 766 post
660 689 702 743 a·
730 678 837 765 leqato
864 678 1171 764 sedisapostolicae
1200 679 1433 761 confirmatum

305 774 360 844 est,
375 763 505 827 silentio
520 765 647 850 conteqi
661 772 690 827 et
697 785 763 848 pro
779 763 900 828 nicbilo
917 763 1031 827 baberi
1045 773 1177 848 oportet,
1194 763 1275 847 quid
1283 763 1431 846 postbac

305 848 400 913 nobis
423 847 619 912 credendum
641 847 688 911 uel
705 869 770 932 pro
792 856 865 912 rato
889 847 1072 912 babendum
1094 848 1146 927 sit,
1174 848 1306 910 omnino
1327 848 1429 930 iquo-

304 955 429 996 ramus.
473 932 543 997 Hoc
566 933 737 996 sanctitati
757 941 882 995 uestrae
904 955 1111 1031 nequaquam
1134 939 1342 1016 arroqanter,
1369 930 1432 994 sed

305 1019 343 1082 in
366 1015 590 1081 amaritudine
613 1017 744 1079 animae
767 1025 898 1080 nostrae
919 1014 1019 1080 toccu
1040 1037 1163 1096 sumas,
1189 1015 1271 1098 quia
1292 1023 1432 1078 nonest

306 1101 400 1166 dolor
421 1099 538 1164 similis
559 1102 644 1164 sicat
665 1099 759 1164 dolor
780 1109 898 1164 noster.
936 1099 1015 1166 Citra
1030 1102 1116 1164 enim
1132 1121 1197 1184 per
1212 1099 1431 1163 obedientiam

301 1186 451 1271 pastoris
473 1183 626 1333 luporum
638 1183 804 1268 faucibus
825 1185 966 1268 eapositi
986 1185 1097 1264 amus,
1120 1186 1151 1248 si
1171 1184 1269 1246 etiam
1291 1183 1330 1247 ab
1352 1184 1430 1266 ipso

331 1278 437 1333 astare
467 1291 509 1331 no
533 1271 561 1332 is
583 1268 764 1332 cauendam
786 1277 847 1348 est,
871 1267 1122 1333 miserabiliores
1144 1289 1256 1331 sumus
1278 1267 1431 1331 omnibus

302 1292 500 1418 llomiuibus.
522 1352 614 1417 Deus
630 1361 737 1416 autem
753 1353 954 1436 omnipotens
969 1355 1005 1416 in
1022 1351 1116 1416 talem
1126 1351 1228 1414 zelum
1242 1373 1298 1415 cos
1311 1360 1431 1414 contra

305 1439 458 1502 inimicos
471 1436 593 1502 Cbristi
607 1437 723 1521 eriqat,
740 1445 899 1521 quatenns
914 1435 974 1501 illa
989 1459 1088 1521 quam
1102 1437 1139 1499 in
1154 1436 1243 1499 uobis
1253 1435 1430 1519 posuimus

307 1543 380 1607 spes
402 1543 463 1584 nos
485 1542 552 1584 non
575 1518 769 1602 confandat.

231 1629 296 1670 sors.
392 1604 462 1668 109.
497 1602 550 1668 Ad
572 1623 651 1689 quas
672 1601 793 1668 litteras
808 1625 883 1666 cum
904 1601 1026 1666 nullum
1048 1625 1107 1688 pro
1122 1601 1204 1667 velle
1219 1623 1277 1666 suo
1294 1623 1428 1688 respon·

307 1707 379 1751 sum
407 1687 621 1774 accepissent,
648 1685 705 1750 has
733 1688 763 1751 ei
789 1685 911 1751 litteras
941 1688 1056 1752 iterum
1078 1687 1232 1751 miserunt
1242 1699 1263 1766 ¹,
1291 1696 1328 1750 ut
1350 1687 1430 1772 quia

306 1791 370 1835 non
396 1772 500 1858 primo
528 1771 620 1858 quasi
647 1769 724 1857 galli
753 1780 863 1852 cantu,
891 1771 975 1835 sicut
1000 1771 1177 1836 secundum
1197 1771 1344 1834 Marcum
1365 1791 1429 1836 nec

305 1856 420 1920 Petrus
453 1867 502 1920 est
534 1856 707 1935 excitatus,
741 1854 854 1919 saltem
888 1875 962 1918 cum
996 1854 1154 1937 secundo,
1214 1855 1284 1918 nasi
1312 1852 1428 1940 gallus,

306 1939 445 2026 populus
474 1939 628 2005 ecclesiae
656 1961 771 2005 vocem
800 1939 905 2019 daret,
938 1961 958 2003 a
986 1949 1115 2026 torpore
1149 1876 1357 2004 dubitationis
1385 1939 1430 2003 ad

307 2025 516 2090 constantiam
538 2025 625 2088 Petri
646 2045 718 2088 cum
739 2025 835 2088 Petro
858 2023 1028 2088 suscitatus
1050 2033 1235 2108 exurgeret:

393 2110 464 2173 110.
515 2109 644 2174 Domno
681 2132 753 2173 uere
792 2107 969 2192 apostolico
1006 2105 1180 2195 Greqorio,
1221 2107 1306 2171 beati
1339 2107 1430 2172 Petri

299 2192 415 2277 fideles
430 2202 459 2256 et
473 2195 535 2274 sui,
552 2194 698 2257 devotum
710 2215 774 2276 pro
789 2193 916 2256 uiribus
932 2192 1124 2278 obsequium.
1151 2193 1253 2257 Nooit
1267 2194 1428 2255 sanctitas

306 2286 413 2341 uestra
429 2285 458 2340 et
473 2277 619 2340 omnibns
635 2279 888 2376 circumquaque
903 2286 1015 2341 notum
1029 2285 1084 2358 est,
1107 2299 1205 2362 quam
1227 2275 1428 2360 aqflcutterb

308 2369 491 2446 quantoque
518 2359 704 2424 baiulorum
734 2360 925 2424 discrimine
953 2358 1132 2446 leqationes
1162 2361 1208 2425 ad
1232 2383 1288 2425 uos
1316 2369 1426 2424 trans-

307 2446 473 2525 mittimus,
489 2447 570 2530 quia
585 2446 647 2508 iter
661 2445 747 2528 quod
758 2445 908 2509 omnibus
919 2445 1117 2530 temporibus
1130 2443 1277 2509 omnibus
1313 2443 1428 2528 opulis,

307 2527 453 2592 tribubus
475 2537 503 2594 et
521 2528 648 2614 linquis
670 2539 818 2614 apertum
829 2528 905 2614 fuit
925 2538 954 2593 et
970 2531 1133 2614 peruiam,
1156 2551 1245 2592 nunc
1260 2553 1277 2592 c
1291 2528 1431 2592 cuditur

308 2622 337 2676 et
352 2614 558 2698 prohibetur,
580 2622 609 2676 et
630 2612 698 2676 illis
713 2615 854 2677 manime
877 2615 935 2699 qui
956 2636 1022 2678 non
1043 2615 1215 2677 minimam
1224 2635 1290 2697 pro
1306 2614 1428 2678 bonore

307 2696 398 2762 illius
412 2697 656 2777 laboraverunt,
677 2696 723 2760 ad
737 2698 831 2760 cuius
846 2719 966 2782 corpus
980 2697 1092 2762 eadem
1105 2700 1163 2762 uia
1179 2697 1277 2761 ducit.
1320 2696 1428 2762 Veestro

307 2803 382 2845 uero
405 2782 522 2845 leonori
543 2790 573 2844 et
593 2790 725 2846 nostrae
747 2783 930 2846 necessitati
952 2791 1157 2867 coaqrueret,
1187 2790 1223 2844 at
1245 2781 1333 2867 quod
1354 2803 1428 2845 cum

307 2874 403 2928 tanta
425 2865 618 2950 difficultate
635 2875 877 2950 perpetramus,
902 2865 1033 2952 aliquid
1055 2866 1147 2930 nobis
1167 2865 1246 2930 inde
1263 2864 1427 2945 utilitatis,

310 2948 439 3033 aliquid
451 2952 487 3013 in
503 2949 712 3014 tribulatione
724 2950 957 3014 consolationis
968 2951 1168 3036 proueniret.
1193 2948 1262 3013 Sed
1272 2949 1430 3034 quicquid

309 3035 527 3118 quaestionis,
554 3035 711 3118 quicquid
733 3036 956 3118 querimoniae
980 3033 1168 3115 adsedem,
1218 3057 1281 3096 uae
1303 3053 1429 3132 semper

308 3116 429 3180 iudicii
443 3125 471 3180 et
492 3118 638 3180 iustitiae
652 3119 814 3202 maqistra
825 3118 911 3202 fuit,
934 3118 1003 3182 sliri
1026 3119 1121 3198 imus,
1144 3056 1248 3182 nicbil
1262 3115 1429 3202 dq‘finstae

308 3201 536 3286 responsionis
550 3202 736 3284 recipimus,
751 3202 807 3265 sed
819 3206 930 3266 omnia
940 3141 1143 3286 insisterem
1153 3203 1281 3265 incerta
1292 3223 1427 3285 suspen-

310 3285 443 3348 duntur.
476 3284 567 3348 Nam
588 3286 673 3349 inter
689 3285 759 3348 alia
779 3285 882 3349 multa
897 3287 956 3350 boc
971 3308 1034 3372 quo
1058 3309 1096 3350 ue
1118 3287 1289 3349 sanctitati
1303 3294 1427 3350 uestrae

308 3392 415 3454 nuper
429 3369 661 3450 indicavimus,
682 3369 808 3454 qualem
827 3373 1017 3435 sententiam
1031 3309 1171 3434 domnus
1185 3369 1428 3434 Bernhardus⁰

309 3455 346 3517 in
369 3453 585 3518 Heinricum‘¹
606 3453 676 3518 Deo
700 3453 847 3518 odibilem
868 3475 1005 3540 suosque
1015 3456 1202 3538 participes
1219 3453 1394 3538 protulerit
1403 3464 1425 3534 ¹,

330 3538 452 3620 uidque
475 3539 514 3601 de
536 3561 611 3624 reqe
625 3537 771 3622 liedulfo
791 3547 898 3601 uestra
918 3539 1064 3602 iussione
1086 3541 1247 3617 statuerit,
1261 3537 1425 3619 fiduciam

310 3561 476 3702 babentes,
505 3623 536 3685 si
561 3623 620 3688 boc
651 3623 696 3686 ad
723 3624 874 3686 notitiam
901 3631 1040 3686 uestram
1066 3624 1273 3708 proveniret,
1304 3643 1427 3685 omnem

310 3727 445 3768 eausam
467 3715 613 3770 nostram
634 3707 671 3770 in
694 3707 752 3770 boc
768 3705 947 3790 procedere
969 3715 998 3769 et
1014 3709 1224 3791 prosperari.
1268 3705 1333 3771 Sed
1349 3715 1428 3804 post

309 3799 441 3874 tanqam
457 3793 709 3874 eapectationem
724 3799 871 3854 nostram
885 3791 1016 3854 taudem
1031 3813 1158 3854 reuerso
1175 3792 1304 3871 nuntio,
1326 3789 1428 3853 necbil

311 3873 406 3938 aliud
428 3873 521 3936 nobis
536 3873 770 3938 consolationis
784 3873 922 3938 rolatum
938 3884 991 3956 est,
1015 3877 1083 3940 uisi
1098 3875 1184 3960 quod
1199 3874 1357 3954 diceretis,
1374 3873 1425 3937 bis

310 4057 519 4109 attemperies
535 4060 555 4100 1.
617 4057 640 4108 b)
657 4058 782 4099 difficiliter
798 4061 816 4101 1.
878 4058 899 4112 e)
915 4061 943 4101 B.
961 4061 982 4103 1.
1043 4057 1066 4111 (1)
1082 4059 1112 4098 N.
1131 4060 1151 4100 1.

312 4200 341 4265 1)
364 4200 479 4265 εονὶρίαε
499 4206 562 4265 post
581 4201 715 4266 proelium
746 4202 772 4252 d.
801 4204 827 4254 7.
854 4203 921 4269 Auq.
940 4203 1029 4254 1078.
1057 4202 1230 4255 commissum.
1274 4199 1328 4252 Sed
1353 4200 1423 4251 alias

310 4271 395 4321 medio
414 4281 527 4336 tempore
546 4273 660 4338 scriptas
672 4275 771 4338 fuisse,
791 4293 824 4327 aa
844 4275 885 4327 bis
904 4274 970 4340 ipsis
984 4284 1070 4341 patet.
1115 4274 1150 4326 W.
1226 4275 1255 4342 2)
1277 4275 1356 4341 1077,
1383 4273 1426 4325 die

313 4344 355 4392 12.
373 4343 442 4396 Noc.
463 4344 602 4398 Goslmiae
621 4355 683 4400 teste
701 4347 847 4401 Bernoldo.
891 4350 926 4401 W.
