3098 4818
281 323 318 373 u
565 317 689 371 BBUNO
709 317 760 368 ult
778 317 900 368 BELLO
919 315 1114 368 saxorum.

205 509 272 551 rora
281 487 509 554 Boemiorum²
535 483 732 550 Wrotizlaol
760 484 899 548 hlisnam
938 483 1101 548 civitatem
1128 503 1203 544 oum
1228 479 1404 544 omnihus‘

282 572 325 636 ad
345 593 417 636 sam
438 568 671 656 pertinentibus
716 569 848 648 romisit,
871 568 970 632 etsie
992 589 1066 632 eum
1095 577 1131 629 ut
1157 566 1224 628 suis
1252 565 1402 648 partibus

281 655 408 719 adiutor
421 665 506 720 esset
518 653 642 718 ascivit.
684 591 922 716 lliuticeusihus
935 651 1070 736 paganis
1085 647 1280 713 crudelitatis
1299 670 1400 733 quam

281 759 410 824 semper
439 739 474 800 iu
505 735 651 801 Saxones
683 735 861 800 habuerant
890 734 982 800 hena
1011 733 1149 813 laxavit,
1181 743 1214 796 et
1264 743 1399 796 uantum

282 821 442 888 saxoniae
464 822 530 884 suis
550 821 669 884 linibus
690 829 821 905 possent
840 817 1015 904 adiungere
1037 817 1206 882 concessit.
1289 817 1296 830 '
1318 837 1397 879 vero

281 906 443 986 dixerunt,
465 927 500 968 se
522 903 668 970 Saxones
689 903 798 968 multis
812 901 969 966 bellorum
985 911 1048 968 tem
1141 899 1228 964 tibus
1246 910 1398 984 expertos

280 990 460 1074 agnovisse,
483 999 571 1052 etse
592 1009 665 1052 raro
685 986 739 1052 vel
759 1009 837 1050 num
861 1008 937 1049 uam
958 986 999 1050 de
1020 985 1062 1051 be
1086 987 1094 999 '
1133 1005 1244 1049 eorum
1265 985 1399 1068 gavisos

280 1073 396 1152 fuisse;
425 1072 487 1137 sibi
516 1093 608 1135 suam
635 1081 753 1136 terram
781 1094 796 1134 s
856 1092 939 1154 cere,
966 1093 1064 1155 seque
1091 1070 1119 1132 si
1146 1089 1222 1131 suos
1243 1068 1399 1132 terminos

280 1155 453 1222 defendere
484 1154 611 1220 valcant
641 1164 807 1220 contentos
839 1176 919 1219 esse.
973 1155 1095 1238 Regem
1126 1151 1294 1215 Danorum
1324 1171 1399 1235 pro

165 1253 202 1310 'a
219 1258 272 1300 ua
281 1241 443 1306 missionis
474 1241 654 1304 iuramento
685 1237 911 1302 confirmatae·
944 1246 1188 1316 commemorat,
1220 1257 1320 1382 fflue
1350 1233 1399 1298 illi

282 1323 433 1389 daturum
467 1333 583 1388 cuncta
616 1345 700 1408 quae
731 1323 773 1386 sit
803 1319 964 1407 pollicitus
999 1321 1146 1384 affirmat
1199 1321 1281 1383 P''
1308 1341 1399 1403 pum,

281 1407 416 1472 Latinae
439 1407 593 1470 Franciae
613 1416 780 1486 rectorem,
802 1404 909 1470 multis
930 1403 1215 1504 pollicitationibus
1239 1425 1275 1467 so
1300 1403 1398 1484 'ciat

282 1500 319 1555 ut
350 1491 501 1576 antiquae
534 1511 657 1553 memor
687 1489 848 1552 amicitiae
880 1489 943 1553 sibr
975 1487 1233 1585 quandocunque
1264 1496 1399 1551 vocatus

280 1573 377 1639 fierit
397 1575 431 1636 in
452 1571 608 1636 auxilium
627 1573 745 1637 veniat.
789 1573 855 1638 Sed
872 1570 924 1638 ille
945 1572 1092 1636 similiter
1111 1594 1132 1634 a
1146 1594 1212 1634 sms
1227 1580 1400 1634 accusatus

282 1666 315 1722 et
341 1679 444 1742 paene
469 1666 602 1742 patemo
632 1655 711 1720 solio
740 1656 923 1742 depositus,
951 1657 1009 1720 vix
1035 1678 1128 1720 suum
1149 1654 1313 1735 honorem,
1344 1656 1400 1718 cui

281 1740 388 1805 adhuc
410 1737 571 1822 haerebat,
594 1762 628 1804 se
650 1740 733 1804 dixit
753 1741 906 1822 retinere;
933 1740 1052 1804 nedum
1073 1741 1127 1804 isti
1152 1761 1256 1819 suum,
1282 1760 1303 1800 a
1331 1760 1399 1822 quo

281 1825 410 1910 penitus
432 1823 601 1905 ceciderat,
623 1833 795 1910 temptaret
814 1846 979 1910 reponere.
1026 1821 1266 1886 Willehalmum
1292 1822 1399 1906 gentis

280 1906 437 1994 Anglicae
463 1929 574 1992 regem
601 1908 662 1972 hac
690 1907 879 1972 condicione
906 1930 1000 1972 suum
1021 1908 1151 1971 vocavit
1176 1908 1210 1969 in
1231 1905 1399 1988 auxilium,

280 2000 316 2056 ut
336 1993 366 2056 ei
386 1993 489 2056 vicem
510 1992 660 2056 redderet
679 2014 717 2056 ae
741 2013 826 2073 uam,
848 1993 876 2054 si
891 2013 925 2055 se
939 2014 982 2055 un
1007 2013 1082 2056 uam
1102 1989 1236 2054 haberet
1253 2011 1400 2056 necessa-

280 2077 375 2140 rium.
418 2075 476 2140 llle
497 2097 573 2140 vero
595 2097 711 2160 respon
737 2077 769 2156 't,
791 2097 825 2140 se
840 2077 981 2139 terram'
1027 2097 1060 2136 m
1074 2073 1231 2138 bellorum
1246 2072 1399 2138 violentia

280 2160 472 2258 pervasisse,
500 2169 532 2224 et
553 2157 626 2223 ideo
648 2161 676 2221 si
702 2158 760 2222 reli
782 2160 867 2224 uerit
891 2181 972 2238 eam,
999 2181 1040 2222 ne
1066 2157 1200 2242 posthac
1224 2159 1400 2242 recipiatur

280 2265 315 2306 m
343 2265 381 2306 ea
408 2242 591 2306 formidare.
640 2240 757 2307 Willeh
823 2264 877 2304 um
906 2242 1022 2306 ducem
1044 2243 1258 2322 Pictavorum,
1286 2241 1400 2306 mattis

281 2335 358 2390 suae
378 2346 576 2410 germanum,
606 2326 723 2389 sororis
751 2348 828 2390 suae
856 2324 922 2389 filio
943 2327 1070 2410 rogavit
1095 2325 1249 2405 misereri,
1272 2325 1399 2410 sibique

280 2409 363 2474 ferre
383 2407 549 2482 auxilium,
573 2429 636 2494 quo
658 2418 768 2494 posset
788 2410 822 2472 in
842 2431 877 2472 re
924 2432 978 2472 um
1000 2410 1174 2493 patrissui,
1197 2429 1260 2492 quo
1276 2417 1400 2472 careret

280 2493 406 2574 iniuste,
427 2492 561 2556 restitui.
604 2492 648 2556 At
669 2491 722 2558 ille
747 2502 853 2557 tantas
903 2493 1164 2576 rancigenarum,
1186 2493 1399 2555 Nortmanno-

279 2576 386 2656 ruml,
414 2574 467 2641 vel
493 2575 522 2638 A
547 2577 727 2640 uitanorum
756 2577 890 2641 virtutes
917 2577 999 2639 inter
1028 2598 1063 2638 se
1092 2585 1124 2639 et
1143 2575 1233 2639 illum
1260 2597 1329 2640 esse
1350 2597 1399 2639 re-

280 2659 417 2760 spondit,
440 2669 477 2725 ut
497 2682 519 2722 n
564 2682 583 2724 o
605 2661 735 2745 ingenio
757 2683 816 2746 per
835 2669 958 2724 tantam
971 2659 1191 2723 fortitudinem
1213 2681 1287 2722 cum
1308 2679 1399 2724 exer-

280 2753 347 2810 o1tu
367 2744 502 2819 transire
523 2744 688 2830 potuisset.

364 2827 415 2892 37.
459 2827 520 2892 His
543 2826 692 2892 omnibus
720 2838 847 2913 praeter
867 2827 1018 2891 Boemios
1046 2825 1229 2908 fraudatus,
1257 2847 1330 2888 cum
1357 2825 1400 2890 de

302 2910 429 2976 entibus
450 2912 569 2976 exteris
591 2912 675 2974 vires
697 2914 774 2975 satis
796 2932 931 2996 magnas
955 2921 1067 2975 contra
1090 2909 1235 2974 Saxones
1256 2931 1322 2973 non
1343 2909 1398 2972 ha·

279 2934 384 3074 beret,
406 2995 583 3078 pessimum
605 2994 692 3079 quod
714 3015 732 3057 o
757 2995 833 3059 time
855 2993 979 3059 sciebat
1005 2993 1174 3058 consilium
1202 2994 1334 3074 invenit,
1361 3002 1400 3058 ut

280 3076 456 3142 saxoniam
478 3077 636 3142 divideret
662 3091 693 3142 et
740 3079 899 3142 axonibus
927 3089 1038 3142 contra
1060 3077 1206 3142 Saxones
1227 3087 1398 3164 pugnaret,

279 3169 316 3226 ut
343 3158 504 3246 quaelibet
529 3181 604 3246 pars
632 3161 717 3225 victa
745 3162 873 3243 iaceret,
900 3163 971 3246 ipse
992 3163 1095 3226 victor
1117 3161 1266 3226 exultans
1288 3162 1399 3224 trium·

279 3244 400 3330 pharet.
452 3244 617 3391 Principes
645 3246 743 3330 igitur
773 3245 934 3310 Saxoniae
962 3244 1147 3329 singillatim
1174 3247 1263 3310 iubet
1292 3244 1334 3308 ad
1363 3266 1399 3308 so

279 3329 399 3410 venire,
414 3348 543 3392 causam
582 3351 683 3414 ngens
698 3328 839 3414 aliquam
876 3329 1019 3408 randem,
1058 3351 1133 3392 uam
1147 3327 1275 3392 dicebat
1285 3349 1398 3392 eorum

280 3411 413 3476 oonsilio
441 3434 475 3476 se
507 3411 588 3478 velle
617 3413 797 3477 terminare.
850 3352 901 3476 illi
929 3411 974 3476 nil
1003 3351 1186 3478 ddbitantes
1222 3433 1286 3498 quo
1323 3420 1399 3476 sunt

279 3498 388 3562 vocati
414 3505 579 3578 venerunt,
602 3518 666 3582 quo
688 3519 748 3562 neo
774 3498 884 3562 venire
906 3506 1077 3576 cessarent,
1099 3497 1126 3560 si
1147 3495 1266 3560 nullius
1281 3518 1399 3560 causae

279 3579 519 3666 interpositione
541 3579 678 3664 simplici
700 3591 873 3666 praecepto
896 3602 1004 3665 regem
1030 3580 1120 3644 adire
1148 3581 1226 3644 iussi
1252 3581 1397 3644 fluissent.

281 3661 347 3728 Sed
374 3665 535 3728 venientes
565 3663 708 3747 singulos
738 3666 841 3750 primo
869 3663 1005 3728 blandus
1031 3664 1227 3750 accipiebat,
1256 3685 1398 3750 cumque

278 3748 344 3812 iam
367 3767 476 3810 secum
497 3745 694 3832 aliquamdiu
708 3757 837 3829 starent,
858 3748 1001 3811 animum
1023 3771 1117 3812 suum
1139 3749 1185 3812 eis
1207 3749 1343 3834 aperuit,
1365 3756 1398 3810 et

279 3850 334 3896 eos
356 3838 392 3894 ut
413 3852 446 3894 sc
468 3828 510 3892 ad
531 3831 775 3914 opprimendam
796 3831 971 3896 Saxoniam
992 3853 1051 3930 pro
1073 3830 1196 3896 viribus
1218 3833 1284 3896 suis
1305 3829 1394 3894 adiu-

279 3920 391 3978 varent
417 3921 449 3977 et
477 3912 538 3976 hoc
567 3915 673 3998 ipsum
696 3913 774 3978 nulli
796 3915 976 4001 proderent,
998 3937 1104 3983 1urare
1126 3937 1165 3980 co
1190 3915 1278 3998 ebat;
1328 3913 1395 3978 uod

279 3997 341 4062 nisi
372 3996 480 4062 statim
510 3995 668 4078 facerent,
700 3997 741 4062 ab
775 4021 812 4064 eo
834 3999 983 4065 recedere
1010 4021 1075 4063 non
1103 3939 1262 4064 valebant.
1307 3938 1396 4063 lude

278 4079 398 4146 faomm
420 4089 477 4164 est,
498 4089 534 4146 ut
555 4082 588 4144 in
609 4090 718 4146 nostra
739 4093 830 4169 parte
844 4095 945 4169 pater,
966 4084 1020 4147 ine
1041 4083 1176 4148 adversa
1194 4082 1278 4146 filius
1293 4091 1397 4164 esset;

281 4258 303 4312 s)
320 4262 458 4302 soenorum
475 4263 495 4306 1.
510 4263 548 4313 qut
563 4263 586 4302 ta
601 4265 696 4304 nominis
704 4265 781 4314 forma
796 4266 837 4306 abt
852 4277 898 4307 aon
919 4268 1015 4312 comat,-
1031 4263 1140 4304 Bosmioa
1160 4265 1238 4314 atique
1259 4265 1353 4312 appellat
1369 4263 1389 4302 t.

279 4317 304 4372 b)
320 4320 447 4362 Wrattzlao
463 4323 483 4362 t.
545 4319 844 4374 oldrut13adertlb.2.
906 4322 930 4374 d)
945 4323 1133 4364 Normannorum
1150 4326 1170 4362 1.
1232 4320 1254 4373 o)
1270 4323 1325 4362 decet
1342 4323 1362 4362 t.
