3116 4822
342 371 392 420 DE
411 370 569 421 UNITATE
589 370 792 426 recussus
813 372 1089 426 CONSERVANDA.
1244 375 1280 426 49

154 537 329 625 episcopus
345 533 475 602 scribit:
502 551 641 618 Ueientem,
657 540 793 625 inquit¹,
808 555 855 622 qui
872 571 926 606 son
938 562 1014 619 essee,
1034 573 1088 608 noe
1107 562 1175 608 tenet
1187 556 1280 610 Patris

154 645 179 691 et
197 636 263 688 stlte·
273 637 367 703 fidem,
387 636 469 687 eitam
487 653 541 687 oon
561 643 629 688 tenet
652 644 676 688 et
700 638 820 689 salutem.
859 621 1009 706 Proinde,
1038 624 1198 710 quomodo
1227 623 1279 689 ille

153 703 350 770 Hildebrant
380 702 555 768 catholicus
582 705 697 787 extitit,
725 705 782 790 qui
810 725 874 768 non
904 704 1072 790 ecclesiae,
1104 708 1161 772 sed
1194 710 1280 794 parti

152 787 304 874 praefuit,
327 790 412 852 sicut
427 788 524 852 etiam
544 787 694 853 defensor
714 789 816 874 ipsius
838 788 960 873 scribit,
1005 793 1038 855 ui
1054 793 1114 857 etsi
1128 791 1278 879 apostoli-

153 894 226 938 cam
242 873 353 938 sedem
369 871 430 936 sibi
448 873 661 957 usurpaverit,
676 895 842 971 nunquam
857 881 966 938 tamen
980 813 1128 940 domena
1142 875 1279 942 ecclesia

152 955 238 1021 illius
261 978 382 1043 sponsa
400 954 470 1037 fuit,
494 977 592 1041 quam
606 978 665 1042 pro
680 955 826 1042 legitrma
840 956 1011 1024 donatione
1027 958 1179 1046 spiritalis
1194 959 1278 1025 dotis

152 1039 278 1106 collatis
299 1049 373 1106 ante
391 1039 555 1105 beneficiis
573 1039 734 1126 spoliavit,
756 1041 913 1126 proscidit
933 1065 972 1107 ac
987 1042 1162 1126 dilaniavit,
1185 1044 1278 1110 iuxta

176 1123 244 1189 uod
276 1125 311 1188 in
338 1123 479 1188 secundo
512 1123 607 1188 huius
636 1124 710 1190 libri
744 1124 885 1210 capitulo
914 1125 1038 1192 dictum
1065 1137 1114 1192 est
1142 1136 1174 1192 et
1202 1150 1278 1193 vere

152 1146 277 1273 dictum
299 1207 369 1274 est?
400 1207 508 1294 Atque
529 1208 603 1274 ideo
625 1211 706 1296 ipss,
729 1231 812 1296 quae
828 1232 903 1274 vere
925 1217 995 1276 eret
1016 1221 1048 1277 et
1070 1221 1119 1276 est
1132 1211 1279 1278 Romana

154 1291 300 1373 ecclesia,
331 1314 405 1356 cum
432 1293 473 1356 sit
499 1303 603 1358 mater
634 1294 777 1357 omnium
807 1293 1024 1378 ecclesiarum,
1055 1318 1137 1381 quae
1166 1294 1275 1382 aliquo

152 1397 254 1462 pravo
284 1376 435 1462 dogmate
463 1397 524 1442 nec
551 1375 723 1476 aliquando
752 1376 865 1442 fefellit
885 1399 945 1444 nec
966 1378 1009 1444 ali
1032 1401 1074 1443 ua
1095 1378 1199 1446 heresi
1221 1402 1277 1444 un-

153 1481 251 1544 quam
271 1459 339 1526 falli
360 1461 476 1547 potuit,
498 1459 581 1544 talis,
603 1483 746 1561 mqrrsm,
769 1469 881 1526 sancta
895 1472 997 1528 mater
1011 1401 1157 1528 hemana
1175 1463 1276 1528 eccle-

153 1545 211 1627 sis,
234 1566 308 1610 oum
330 1566 396 1609 non
417 1554 528 1630 posset
548 1567 613 1610 non
627 1548 773 1611 misereri
787 1545 862 1610 filiis
875 1547 1036 1612 viscerum
1057 1569 1200 1628 suorum,
1243 1569 1278 1612 u1

151 1649 210 1776 per
231 1628 464 1694 dissensionem
485 1651 520 1693 re
546 1630 571 1693 ‘s
592 1629 749 1694 Henrichi
771 1640 803 1695 et
820 1628 1025 1696 Hildebranti
1047 1653 1152 1719 papae
1174 1569 1278 1696 trahe·

175 1721 280 1796 antur,
302 1722 335 1779 et
355 1714 479 1777 utinam
501 1735 520 1777 a
544 1712 607 1776 huc
628 1735 693 1778 non
707 1712 906 1779 traherentur
928 1715 969 1780 ad
984 1717 1158 1798 interitum,
1181 1715 1278 1800 elegit

152 1818 278 1862 summa
298 1797 490 1862 necessitate
512 1796 728 1882 Wigberdum
748 1798 945 1864 Ravennatis
970 1797 1125 1865 ecclesiae
1154 1799 1277 1884 episco-

151 1902 229 1966 pum
252 1881 294 1946 ad
316 1879 510 1967 pastoralem
532 1903 643 1946 curam
661 1881 799 1946 Romani
819 1883 1035 1966 pontificatus,
1058 1884 1276 1948 consentiente

151 1967 272 2049 pariter
294 1975 326 2030 et
347 1986 367 2028 a
391 1973 462 2029 ente
484 1988 560 2051 rege
576 1965 740 2030 Henricho
756 1964 935 2054 eodemque
957 1968 1095 2054 patricio
1110 1967 1275 2031 Romanae

151 2048 316 2115 ecclesiae.
359 1988 541 2115 decessisse
562 2058 670 2114 autem
692 2048 876 2116 nonhabet
902 2050 1016 2135 legem.
1061 2051 1156 2116 Unde
1181 2049 1276 2115 Inno-

152 2133 275 2198 centius
290 2154 389 2219 papa:
413 2149 492 2210 Quod
509 2149 658 2214 necessitas,
676 2133 781 2220 inquit
790 2147 811 2216 ²,
829 2168 882 2216 pro
902 2149 1017 2201 remedio
1034 2149 1139 2216 reperit,
1159 2153 1275 2200 cessante

151 2221 304 2276 necessitate
323 2223 398 2276 debet
416 2221 506 2288 atique
525 2239 636 2288 cessare,
655 2225 727 2288 quod
745 2226 865 2293 serpebat,
890 2223 957 2288 qaia
976 2222 1045 2274 altas
1066 2229 1103 2275 est
1121 2222 1187 2274 ordo
1213 2219 1275 2287 lepi-

151 2301 239 2366 timss,
266 2302 323 2356 atio
345 2303 494 2370 usurpatio,
514 2321 595 2370 quara
619 2305 657 2356 ad
670 2322 800 2371 praesens
812 2306 877 2374 fleri
896 2311 997 2370 tempas
1015 2303 1134 2370 impellit.
1172 2287 1277 2373 Igitur

149 2368 270 2434 factum
299 2391 365 2434 non
392 2380 441 2436 est
469 2371 630 2435 hereticae
656 2373 825 2457 pravitatis
854 2392 970 2454 errore,
1002 2370 1089 2457 quod
1115 2373 1277 2438 consensit

150 2452 350 2552 Wigberdus
382 2455 507 2518 viventi
540 2453 647 2518 adhuc
680 2455 904 2522 Hildebrando
937 2455 1117 2540 subrogari,
1150 2477 1276 2520 summa

150 2535 273 2602 scihcet
300 2539 500 2619 necessitate,
531 2539 685 2624 quoniam
706 2550 841 2624 constat,
867 2562 941 2606 eum
961 2539 1083 2604 vixisse
1104 2538 1147 2603 ad
1167 2540 1275 2605 interi-

149 2629 219 2685 tum
246 2621 401 2688 ecclesiae
430 2623 551 2708 pariter
572 2631 605 2688 et
625 2623 673 2686 rei
718 2623 855 2689 ublicae.
898 2624 988 2688 Num
1010 2626 1041 2687 si
1068 2623 1125 2705 Wi
1143 2623 1273 2704 berelae,

149 2705 264 2852 inquit,
277 2707 347 2791 far
367 2717 396 2773 et
418 2707 577 2771 hereticus
599 2729 666 2772 oon
678 2646 814 2792 dlsisset,
836 2708 958 2773 viventi
981 2708 1089 2772 adhuc
1113 2647 1274 2793 deporto

149 2789 339 2855 eatetenus
371 2791 552 2876 sabroqari
585 2793 807 2856 consensisset.
850 2792 917 2856 Iste
947 2791 1051 2874 magis
1079 2789 1132 2852 fur
1161 2797 1210 2854 est
1243 2799 1276 2855 et

149 2871 319 2955 hereticus,
355 2875 411 2962 qui
442 2874 553 2939 furtim
586 2873 727 2940 collectis
749 2875 893 2961 undique
926 2882 1111 2939 sanctorum
1143 2883 1276 2958 patrum

148 2957 341 3022 testimoniis
364 2958 406 3024 ad
428 2957 666 3023 confirmandas
689 2960 945 3025 scismaticorum
967 2959 1086 3044 pariter
1108 2965 1140 3022 et
1161 2958 1275 3023 hereti·

148 3062 261 3106 corum
282 3050 390 3126 partes
411 3043 555 3107 introivit
576 3041 618 3106 ad
633 3043 837 3109 scribendum
860 3053 893 3109 et
914 3043 1016 3108 exivit
1030 3041 1160 3106 aliunde
1176 3063 1273 3127 quam

173 3147 208 3190 er
222 3126 351 3206 ostium,
375 3126 461 3212 quod
477 3135 526 3191 est
540 3125 698 3208 Christus,
721 3129 843 3194 docens
866 3129 963 3194 etiam
985 3127 1108 3226 absque
1127 3125 1274 3190 doctrina

148 3147 270 3274 IClhristi
292 3219 324 3274 et
344 3208 481 3296 loquens
503 3210 627 3297 absque
648 3213 793 3296 veritate,
816 3233 899 3299 quae
921 3221 970 3276 est
991 3209 1146 3292 Ohrrstus,
1170 3207 1273 3296 qualis

148 3303 235 3360 certe
258 3293 376 3358 dicitur
389 3293 617 3376 Antichristus,
640 3298 810 3381 quoniam:
837 3295 903 3371 Qut
916 3319 1048 3378 mecam,
1069 3295 1184 3379 inquit,
1206 3315 1273 3358 noo
1283 3310 1439 3365 uersuram.

148 3387 205 3460 est,
233 3389 349 3442 eontra
377 3401 426 3444 me
453 3389 509 3442 est.
553 3379 679 3460 Quodsi
702 3379 851 3446 Clemens
876 3399 1058 3466 papavere
1079 3379 1153 3462 pius
1176 3386 1273 3462 atque

148 3461 304 3546 pacificus
339 3462 468 3528 videtur
503 3461 553 3526 his
582 3464 638 3548 qui
667 3471 742 3528 sunt
770 3486 813 3528 ex
842 3463 1048 3529 contentione
1076 3459 1127 3526 vel
1153 3461 1186 3524 in
1211 3460 1273 3525 hoc

148 3543 318 3630 culpabilis
341 3568 420 3630 esse,
466 3545 531 3610 uod
552 3556 648 3610 antee
669 3549 779 3635 episoo
803 3569 842 3612 us
863 3547 995 3612 alterius
1010 3543 1165 3610 ecclesiae
1187 3566 1275 3610 nunc

147 3627 252 3694 factus
280 3639 330 3695 est
357 3569 505 3716 pontilex
531 3629 695 3696 Romanae
724 3571 887 3714 ecclbsiae,
921 3633 1033 3712 sciant,
1067 3630 1129 3693 hoc
1149 3627 1273 3693 licitum

148 3734 219 3777 esse
242 3735 283 3777 ex
306 3733 466 3779 canonum
488 3715 725 3797 constitutione,
748 3717 923 3803 praecipue
944 3724 1053 3780 autem
1074 3736 1117 3778 ex
1137 3713 1275 3780 decretis

148 3793 310 3862 Antheros
340 3820 445 3884 papae
454 3809 477 3880 ³,
504 3799 532 3861 si
560 3819 626 3862 non
652 3798 748 3864 fuerit
772 3799 913 3866 ambitus
935 3819 1042 3882 causa,
1065 3796 1122 3862 sed
1144 3807 1200 3862 aut
1221 3817 1275 3861 ne·

147 3881 299 3946 cessitate
321 3893 378 3948 aut
397 3881 544 3963 utilitate,
566 3883 659 3948 iuxta
679 3883 766 3969 quod
787 3895 917 3950 sanctus
932 3884 1048 3949 Petrus
1070 3889 1102 3946 et
1146 3881 1274 3965 rinceps

147 3963 369 4050 apostolorum
381 3965 422 4031 de
434 3964 608 4031 Antiochia
618 3965 763 4033 utilitatis
774 3989 872 4034 eausa
882 3966 1056 4034 translatus
1068 3973 1117 4031 est
1157 3984 1274 4045 omam,

150 4183 178 4248 1)
193 4181 323 4250 Cypriani
337 4185 428 4252 Opera
440 4201 467 4252 p.
481 4183 544 4249 215,
559 4186 586 4236 9.
643 4183 673 4252 2)
687 4186 806 4238 Decreta
818 4187 971 4240 Innocentii
984 4199 1071 4253 papse
1087 4182 1122 4234 ad
1135 4180 1233 4234 Rufum
1248 4186 1275 4231 et

146 4256 296 4309 Eusebium
316 4262 369 4310 etc.
399 4274 422 4310 c.
443 4258 468 4319 6,
497 4258 644 4311 Hinschius
672 4276 699 4327 p.
720 4257 782 4311 550.
883 4258 912 4327 3)
941 4260 1030 4328 Epist.
1055 4257 1150 4310 Anteri
1176 4269 1276 4323 papae,

145 4329 256 4383 Decret.
275 4331 476 4385 Pseudoisidor.
495 4347 539 4400 sp.
558 4333 718 4385 Hinschinm
738 4348 764 4400 p.
779 4333 842 4386 152.
1079 4355 1080 4358 ¹

1003 4415 1021 4463 4
