3114 4814
336 332 388 381 DE
407 331 565 382 UNITATE
584 329 788 382 DOCLDSIAD
809 331 1085 384 cousnssvnuon.
1241 333 1276 381 93

150 507 265 586 utpote
288 499 345 584 qui
364 496 485 562 nullius
506 499 574 562 fere
596 506 645 562 est
672 497 866 562 literatoriae
892 497 1081 564 eruditionis
1104 497 1157 564 vel
1175 499 1399 570 scien-resurr,

148 585 224 665 tiae,
247 583 309 647 nisi
332 581 506 669 quodiam
528 582 718 666 mysterium
739 583 832 646 istius
854 581 943 646 stulti
965 585 1113 668 pastoris,
1142 581 1204 648 hoc
1228 593 1278 648 est
1301 577 1383 620 ¹⁵³⁶·

149 666 340 750 antichristi,
364 674 517 752 operatur
529 666 565 730 in
579 664 644 748 illo,
666 665 707 732 de
729 687 793 752 quo
815 665 857 730 ad
875 665 1066 731 Zachariam
1087 667 1278 753 prophetam

151 753 271 819 dicitur
296 773 317 815 a
338 750 495 815 Domino:
531 751 658 831 Adhuc,
687 749 802 836 inquit,
831 773 919 816 curre
947 753 1008 816 tibi
1028 775 1110 816 caea
1127 754 1279 836 postoris

151 837 253 917 stulti,
276 837 359 920 quia
380 857 449 900 ecce
471 857 530 921 epo
552 834 716 899 suscitabo
734 845 902 919 pastorem
924 837 962 900 iu
984 845 1084 917 terra,
1108 839 1166 921 qui
1187 837 1277 900 dere-

152 921 233 984 licta
255 943 322 983 uon
338 919 495 1001 oioitabit,
518 919 703 1003 dispersum
725 943 793 984 nou
807 921 950 1004 requiret
970 929 1000 984 et
1020 922 1196 984 contritum
1210 941 1278 983 nors

152 1003 290 1068 sanabit
317 1012 347 1066 et
372 1004 409 1068 id
439 1004 528 1088 quod
557 1013 621 1066 stat
650 1025 718 1066 uon
747 1005 888 1068 enutriet
910 1012 939 1066 et
960 1026 1077 1068 carues
1095 1006 1280 1089 piopuium

152 1088 303 1168 comedet,
324 1085 387 1150 hoc
408 1098 457 1152 est
477 1088 612 1151 virtutes
634 1095 819 1151 sanctorum
841 1095 873 1151 et
894 1088 928 1150 in
949 1109 1027 1151 snae
1050 1109 1168 1172 corpus
1189 1085 1279 1151 mali·

153 1175 220 1237 tiae
241 1171 376 1236 traiciet.
412 1171 500 1236 Ecce
516 1171 601 1234 enim
622 1171 756 1255 contigit
777 1171 810 1234 in
832 1168 945 1235 diebus
966 1169 1030 1234 illis
1052 1172 1279 1256 imperatorem

154 1253 319 1320 celebrare
340 1253 427 1354 apud
447 1255 650 1340 Mogontiam
670 1255 871 1320 nativitatem
892 1254 1037 1336 Domini,
1063 1253 1120 1318 ubi
1145 1254 1281 1322 aderant

155 1360 232 1403 cum
260 1360 298 1402 eo
327 1338 451 1424 ahquot
482 1340 593 1403 eisco
617 1339 629 1401 i
656 1349 689 1403 et
717 1337 850 1426 quidam
881 1338 921 1403 de
948 1337 1150 1425 principibus
1176 1339 1280 1424 regni.

154 1421 280 1487 Aderat
302 1425 399 1487 etiam
420 1423 497 1488 ibi·
524 1445 541 1486 e
598 1423 774 1508 artvigus1,
804 1423 857 1487 cui
883 1432 961 1487 tunc
982 1445 1047 1487 non
1069 1421 1171 1486 solum
1195 1443 1280 1487 com·

153 1507 334 1572 municavit
377 1507 428 1571 uis
452 1529 493 1572 ue
507 1529 662 1593 praesens
676 1507 858 1592 episcopus,
880 1507 983 1572 clerus
1005 1516 1037 1572 et
1054 1506 1203 1593 populus,
1223 1504 1282 1572 sed

156 1591 256 1656 ctiam
284 1590 371 1656 Rnot
393 1529 521 1674 ardus⁸‚
544 1593 601 1678 qui
630 1601 705 1656 ante
737 1589 860 1676 aliquot
891 1613 1018 1656 menses
1050 1601 1124 1676 post
1156 1591 1281 1656 obitum

154 1673 317 1740 Wecelini
339 1674 503 1739 ordinatus
526 1684 575 1739 est
595 1673 806 1759 Moguntinae
829 1673 986 1740 ecclesiae
1007 1675 1280 1762 archiepiscopus,

156 1760 253 1824 cessit
273 1759 305 1824 ei
325 1758 361 1822 in
383 1757 494 1824 ordine
517 1769 549 1822 et
570 1758 678 1822 officio
700 1780 758 1824 suo
781 1768 813 1823 et
834 1761 997 1822 consensit
1017 1760 1151 1844 indigno
1173 1759 1280 1841 modo,

155 1852 193 1906 ut
224 1841 267 1907 ad
298 1843 391 1907 initia
421 1840 660 1908 nocturnalium
690 1841 865 1907 lectionum
897 1842 1008 1907 solitas
1042 1841 1281 1908 benedictiones

155 1925 278 1992 faceret
298 1927 332 1989 in
354 1936 420 1990 tarn
443 1925 563 1992 celebri
585 1936 747 1990 conventu
769 1937 801 1991 et
821 1927 856 1989 in
869 1936 936 1990 tam
952 1925 1070 1992 celebri
1091 1935 1186 1990 nocte
1201 1927 1282 1990 nati·

155 2011 265 2076 vitatis
279 2009 424 2074 Domini.
457 2011 513 2076 Sic
527 2031 616 2092 vero,
638 2010 685 2074 sic
699 2032 784 2074 nunc
802 2009 1040 2095 promulgatrix
1061 2019 1111 2074 est
1131 2019 1187 2074 aut
1207 2032 1281 2076 exe·

157 2095 267 2159 cutrix
294 2103 477 2159 sanctorum
506 2115 666 2160 canonum
686 2095 877 2180 Moguntina
898 2115 1027 2192 quoque
1049 2093 1195 2176 ecclesia,
1217 2115 1281 2158 non

156 2177 327 2244 attendens
349 2179 418 2244 sive
438 2178 686 2265 parvipendens,
709 2179 787 2265 qnid
809 2188 937 2264 gestum
960 2186 1002 2242 s1t
1022 2179 1057 2242 in
1078 2201 1126 2259 ea,
1150 2187 1182 2242 et
1203 2176 1281 2265 quid

156 2264 296 2350 gesserit
315 2263 397 2348 ipsa,
419 2262 583 2351 quomodo
604 2261 658 2326 ille
673 2261 853 2348 Hartvigus
873 2261 1035 2327 iudicatus
1057 2271 1090 2326 et
1111 2263 1281 2326 damnatus

157 2347 255 2412 sitin
277 2367 325 2411 ea.
361 2347 425 2412 Pro
447 2345 632 2412 huiusmodi
654 2347 766 2412 scribit
781 2345 953 2412 Gelasius¹
975 2367 1062 2433 papa
1084 2357 1194 2412 contra
1214 2347 1282 2411 fan·

156 2441 244 2496 iores
258 2429 381 2495 Aeatli:
401 2447 479 2498 Haec
495 2455 541 2511 eet,
560 2431 719 2516 inquiens,
736 2446 786 2496 illa
803 2443 924 2508 mistura,
945 2446 1009 2498 haec
1029 2455 1066 2498 eet
1083 2445 1134 2498 illa
1151 2447 1281 2512 coufloeio,

158 2537 215 2587 quc
228 2537 282 2586 per
300 2527 382 2571 totum
400 2520 449 2572 icoc
466 2537 578 2587 repuum
595 2519 665 2572 iuter
683 2517 839 2572 catholicam
858 2517 1050 2585 hereticamque
1075 2519 1282 2572 communionem

156 2603 285 2655 redueat
303 2601 435 2664 discretio,
456 2602 566 2668 ideoque
585 2603 652 2654 sicut
670 2599 799 2668 quisquis,
817 2585 872 2665 ait,
892 2600 926 2650 ab
945 2601 996 2652 lrac
1011 2602 1157 2652 colluvione
1176 2610 1281 2653 cunuc-

156 2692 218 2726 rum
237 2683 379 2741 separatus
398 2681 437 2726 eet
454 2691 581 2740 macerae
600 2672 789 2728 commeationis
809 2682 833 2724 et
851 2673 911 2724 ideo
930 2673 1074 2724 catholicus
1087 2675 1280 2740 comprobatur,

158 2749 199 2800 ita
217 2747 337 2815 quisquis
362 2748 437 2800 itlius
456 2747 607 2800 detestandi
624 2746 772 2801 commercii
790 2747 929 2813 particeps
947 2746 1090 2812 iuvenitur,
1116 2753 1245 2813 quantum
1264 2764 1282 2798 a

157 2837 270 2888 syrum
293 2821 481 2884 commeatione,
507 2829 612 2873 tautum
636 2840 655 2874 a
681 2819 810 2873 catholica
833 2825 911 2884 atque
938 2820 1083 2885 apostolica
1105 2827 1219 2872 remotus
1245 2826 1282 2872 est

158 2893 331 2962 confessione.

156 3046 182 3099 a)
199 3048 351 3088 Ruochardns
368 3049 388 3089 1.

157 3197 188 3264 1)
207 3199 288 3249 Hanc
306 3205 391 3250 totam
410 3215 466 3248 rem
486 3198 664 3249 Waltramum
684 3198 747 3248 odio
767 3197 894 3262 Hartvigi
913 3197 1060 3248 adductum
1079 3195 1197 3260 finiisse,
1218 3213 1281 3248 eon·

158 3271 301 3324 tenderim.
330 3273 400 3322 Nam
420 3287 508 3338 neque
528 3274 592 3322 enni
614 3271 691 3322 1088.
712 3287 800 3337 neque
823 3270 903 3320 1089.
924 3271 969 3320 die
988 3270 1073 3320 natali
1093 3271 1193 3322 Christi
1212 3271 1282 3322 hanc

157 3361 216 3396 rem
248 3345 399 3409 accidisse,
431 3345 512 3395 facile
543 3346 719 3396 demonstrari
756 3349 853 3410 potest.
898 3343 1073 3394 Waltramnm
1105 3345 1168 3394 anni
1202 3343 1281 3396 1088.

157 3419 327 3470 nativitatem
358 3419 469 3468 Domini
500 3419 527 3468 in
559 3426 647 3469 mente
675 3419 818 3478 habuisse,
847 3415 937 3466 elucet
965 3433 980 3466 e
1012 3416 1116 3468 verbis:
1147 3416 1282 3468 Ruothcr·

50 3553 52 3558 Ι
157 3492 220 3554 dus,
238 3491 285 3557 qui
305 3499 365 3543 aute
385 3492 486 3556 aliquot
504 3507 604 3542 meuses
619 3497 681 3558 post
700 3491 797 3541 obitum
823 3488 945 3540 Wezelr'oi
967 3487 1108 3540 ordinatus
1128 3497 1175 3540 est.
1212 3489 1281 3540 Nam

157 3561 297 3616 ordinatus
324 3571 365 3616 est
396 3565 422 3615 5.
447 3563 509 3614 Kal.
537 3564 633 3616 Octob.
664 3566 728 3614 anni
755 3561 839 3626 1088;
875 3569 902 3614 et
927 3579 941 3613 e
966 3563 1056 3613 verbis
1083 3564 1181 3628 capitis
1209 3565 1281 3614 inse·

158 3639 285 3704 quentis:
313 3637 378 3689 Post
402 3637 461 3689 iimo
484 3646 572 3689 autem
597 3637 663 3701 dier,
690 3635 785 3702 quibus
811 3635 875 3687 isaeo
894 3651 963 3702 quae
982 3633 1098 3686 dicimus
1119 3635 1202 3703 facta
1220 3644 1283 3687 suut

158 3709 321 3778 Mequutiaa
341 3711 523 3762 concelebrata
542 3719 579 3761 est
599 3719 650 3761 etc.
688 3710 780 3760 Medio
806 3711 877 3760 enim
902 3725 972 3760 anno
994 3709 1073 3760 1089.
1093 3711 1281 3776 imperatorem

157 3785 309 3834 Praxedem
335 3788 363 3834 in
389 3785 588 3834 matrimonium
608 3784 725 3845 duxisse,
745 3785 927 3834 interamnae
952 3787 1059 3833 constat
1077 3781 1197 3848 (Stumpi
1213 3785 1282 3848 Reg.

155 3853 245 3921 ‘asom
265 3857 373 3908 ekkeh.
394 3858 457 3908 cnr.
477 3873 501 3907 a.
517 3856 604 3916 10893
625 3856 695 3906 Ann.
716 3856 829 3920 August.
849 3871 874 3906 a.
891 3855 980 3920 1089).
1020 3856 1089 3906 Inde
1110 3855 1233 3918 efficitur,
1252 3861 1283 3906 nt

158 3931 398 3996 quaeWaltramus
409 3931 565 3994 Mogontiae
579 3930 663 3980 natali
677 3930 787 3978 Domini
803 3929 877 3978 facta
891 3945 950 3980 esse
965 3928 1105 3980 contendit
1120 3945 1190 3980 anno
1203 3928 1282 3980 1088.

157 4019 213 4054 non
241 4003 315 4054 iacta
340 4021 409 4068 esse,
438 4004 521 4054 statui
549 4019 601 4052 non
625 4003 717 4068 possit
755 4003 792 4051 At
817 4003 869 4051 hoc
895 4018 965 4052 anno
990 4003 1180 4066 imperatorem
1210 4001 1281 4068 apud

159 4076 285 4129 Glicham
304 4078 396 4140 fuisse,
417 4076 579 4126 Waltramns
597 4077 656 4142 ipse
676 4075 713 4139 (c.
733 4075 779 4138 35)
800 4073 874 4136 dicit,
901 4081 928 4125 et
946 4074 994 4124 alii
1013 4073 1123 4124 tradunt
1141 4073 1283 4141 (Bernoldi

158 4149 238 4214 ehr.;
258 4153 327 4202 Anu.
347 4149 487 4212 Hildesh.;
507 4150 576 4200 Ann.
595 4145 729 4213 Augusto.
767 4148 840 4198 Anni
860 4153 950 4198 antem
974 4146 1052 4196 1089.
1073 4146 1145 4196 diem
1164 4147 1282 4198 natalem

157 4225 270 4274 Domini
282 4226 471 4290 imperatorem
484 4223 649 4288 Ratisponae
664 4220 825 4282 celebrasse,
838 4220 907 4272 Ann.
922 4221 993 4272 Saxo
1006 4225 1107 4273 narrat.
1165 4218 1195 4287 2)
1214 4221 1282 4270 Hin-

159 4297 251 4348 schius
270 4315 296 4364 p.
318 4297 383 4364 649.
