3116 4822
307 421 342 471 38
489 420 539 472 DE
559 420 718 473 UNITATE
739 419 945 471 ECCLESIAE
965 417 1242 471 CONSERVANDA.

304 592 453 655 servierit
467 589 774 654 Nabuchodonosor
795 591 869 674 reqi
883 588 1077 674 Babylonis,
1099 597 1128 651 et
1150 587 1333 670 quicunque
1355 606 1425 648 non

305 677 491 738 curvaverit
506 673 623 738 collum
644 696 740 738 suum
755 673 813 736 sub
828 675 908 760 iuqo
930 675 1019 758 repis
1035 670 1230 756 Babylonis,
1251 671 1288 732 in
1309 667 1425 754 pladio

305 768 334 822 et
352 759 449 843 fame
478 769 507 820 et
534 760 591 822 siti
617 769 646 821 et
673 767 764 844 peste
790 758 929 822 visitabo
958 778 1059 840 super
1087 764 1212 840 pentem
1244 753 1348 833 illam,
1377 756 1427 817 ait

305 843 478 923 Dominus,
506 843 605 906 donec
627 865 814 906 consumam
842 863 895 906 eos
924 843 961 904 in
986 862 1089 904 manu
1114 840 1194 903 eius.
1237 838 1307 985 Ipsi
1328 837 1427 900 etiam

163 983 240 1024 Em,
259 984 285 1023 Π
304 947 339 990 re
362 927 374 989 i
400 926 699 1001 Nabuchodonosor
725 928 887 990 iuraverat
916 923 1089 990 Sedechias
1121 945 1181 986 rex
1212 922 1250 985 Iu
1275 944 1304 1002 a,
1333 922 1426 986 cuius

167 949 428 1086 15,19‡20{scilicet
456 1011 633 1096 periurium
661 1011 707 1075 ita
734 1011 879 1074 insecuta
907 1017 956 1074 est
981 1008 1060 1072 ultio
1087 1005 1233 1070 divina1:
1263 1007 1336 1071 liro
1355 1027 1425 1092 eqo,

304 1096 385 1160 dicit
395 1095 568 1177 Dominus,
584 1098 740 1181 quoniam
753 1099 983 1176 iuramentum,
998 1093 1086 1180 quod
1100 1093 1231 1176 sprevit,
1243 1101 1272 1153 et
1278 1099 1425 1175 pactum,

304 1179 394 1280 quod
415 1181 674 1264 praevaricatus
704 1189 759 1261 est,
784 1181 969 1264 ponamin
992 1186 1093 1260 caput
1115 1178 1196 1258 eius,
1219 1185 1248 1238 et
1269 1176 1427 1238 morietur

303 1287 340 1328 nn
349 1266 652 1348 praeuaricatione,
689 1286 734 1326 ua
749 1265 896 1348 despeuit
909 1285 967 1326 me.
993 1261 1059 1335 Qui
1073 1264 1159 1325 enim
1173 1259 1268 1324 soluit
1277 1267 1425 1344 pactum,

304 1348 459 1432 nunquid
480 1345 631 1432 effuyietl
655 1287 736 1410 dicit
757 1348 931 1416 Dominus.

198 1440 294 1494 (xum)
392 1431 440 1494 17.
474 1429 608 1495 Certum
630 1440 686 1512 est,
710 1431 785 1516 quia
806 1453 920 1495 verum
941 1439 999 1509 cst,
1022 1427 1110 1514 quod
1124 1425 1318 1492 Hildebrant
1339 1446 1426 1512 papa

303 1516 508 1599 temptaverit
533 1513 656 1578 solvere
685 1516 875 1601 scripturam
896 1514 1030 1578 Domini
1058 1521 1090 1578 et
1110 1511 1263 1576 mandata
1283 1511 1426 1592 Domini,

304 1620 386 1686 quae
414 1608 489 1662 sunt
517 1598 558 1662 de
587 1600 708 1664 unitate
737 1598 891 1664 ecelesiae
914 1597 1044 1680 Christi,
1066 1619 1148 1683 quae
1171 1606 1245 1661 sunt
1266 1595 1363 1661 etiam
1384 1594 1425 1659 de

139 1692 505 1756 a.r1m.e,1s.sacramento
534 1682 618 1754 fidei,
668 1683 734 1748 Sed
755 1684 891 1766 finanum
910 1683 1172 1767 fundamentum
1199 1681 1264 1745 Dei
1291 1689 1364 1760 stat,
1393 1689 1426 1744 et

140 1765 444 1850 accusandilectio,
472 1789 555 1854 quae
584 1765 691 1832 valida
717 1777 765 1832 est
794 1769 878 1832 sicut
898 1789 996 1848 mors,
1017 1768 1051 1830 in
1080 1764 1189 1830 electis
1211 1765 1276 1828 Dei
1297 1765 1427 1848 integra

303 1863 498 1939 perseverat,
527 1853 680 1938 quoniam
708 1861 805 1938 caput
833 1863 865 1916 et
890 1873 1018 1938 corpus,
1041 1850 1128 1936 quod
1150 1858 1200 1914 est
1222 1847 1370 1914 Christus
1393 1857 1425 1912 et

304 1934 450 2019 ccclesia,
473 1935 515 2000 ab
537 1938 677 2001 invicem
698 1957 763 2000 non
785 1935 958 2001 discordat.
985 1935 1107 2000 Poterit
1128 1956 1204 1999 sane
1225 1931 1343 2019 aliquis
1364 1931 1425 1996 sol-

303 2043 379 2086 vere
407 2023 440 2084 in
468 2021 518 2084 his
546 2022 602 2106 qui
628 2021 706 2084 foris
736 2031 812 2085 sunt
841 2023 1016 2102 caritatem,
1044 2041 1127 2106 quae
1148 2039 1315 2104 nunquam
1337 2026 1424 2082 certe

288 2106 338 2168 ’in
360 2104 469 2170 electis
491 2105 593 2187 cadit3
616 2103 656 2170 de
678 2113 785 2169 cetero
806 2104 894 2187 velit,
916 2103 1004 2184 nolit,
1031 2102 1155 2168 caelum
1177 2111 1209 2168 et
1229 2114 1314 2167 terra
1334 2102 1425 2186 prius

302 2189 494 2270 transibunt,
516 2211 613 2287 quam
634 2187 687 2254 vel
707 2190 775 2253 iota
795 2211 897 2253 unum
918 2187 971 2252 vel
991 2210 1074 2252 unus
1089 2208 1177 2272 apex
1191 2194 1370 2273 praetereat
1383 2185 1425 2250 de

302 2271 374 2358 lege
406 2273 550 2353 Domim,
588 2272 628 2336 de
664 2274 824 2358 scriptura
860 2273 1004 2342 Domini.
1064 2271 1285 2358 Quaecunque
1318 2280 1425 2335 autem

304 2359 431 2442 scriptu
459 2367 547 2437 sunt,
576 2358 622 2421 ad
649 2367 796 2422 nostram
825 2359 1010 2422 docuinam
1037 2358 1163 2440 scripta
1189 2365 1275 2437 sunt,
1304 2365 1340 2418 ut
1360 2377 1426 2439 per

300 2443 500 2526 patientiam
529 2455 556 2504 et
587 2442 840 2506 consolationem
861 2444 1105 2526 scripturarum
1127 2463 1216 2524 spem
1238 2439 1424 2520 babeamus,

156 2524 390 2598 amanuncus
426 2523 520 2589 docet
555 2524 729 2610 apostolus,
773 2525 861 2589 Ecce
896 2525 981 2589 enim
1014 2533 1187 2610 postquam
1219 2523 1426 2609 praedixerat

177 2632 224 2674 101.
234 2632 297 2685 rus.
307 2607 479 2691 Dominus,
500 2619 640 2695 gentem,
663 2632 745 2758 quae
767 2632 832 2674 non
848 2610 995 2674 servierit
1008 2609 1076 2694 regi
1091 2607 1279 2692 Babylonis,
1301 2630 1336 2674 se
1350 2609 1425 2672 visi·

303 2701 446 2757 tatarum
468 2716 538 2758 esse
559 2695 594 2757 in
615 2692 669 2780 gla
692 2695 722 2758 io
745 2705 778 2760 et
797 2694 882 2758 fame
904 2704 937 2758 et
957 2702 1102 2780 peste-
1119 2715 1179 2778 per
1200 2692 1287 2779 quod
1302 2691 1426 2758 scilicet

139 2095 171 2137 ct.
182 2095 286 2196 Mlagtub

303 2778 522 2842 testimonium
545 2779 629 2842 sicut
651 2788 683 2844 et
703 2801 762 2864 per
783 2777 965 2864 apostolum
988 2777 1091 2860 docet,
1113 2776 1327 2885 potestatibus
1351 2775 1425 2842 obe-

162 2861 674 2948 ench-1⁷*tiendumesse-,post
697 2884 772 2926 uam
780 2865 876 2927 etiam
885 2861 1101 2947 praedixerat,
1113 2860 1304 2926 bcdechiam
1315 2884 1425 2948 regem

165 2925 363 3031 ¹⁶‘¹⁹'²⁰'pro
392 2946 581 3026 iuramento,
611 2886 699 3032 quod
726 2946 873 3028 solverat,
902 2948 1092 3028 moriturum
1115 2967 1186 3011 esse
1208 2947 1242 3009 in
1262 2947 1425 3033 praevari-

305 3029 439 3112 catione,
461 3051 526 3116 qua
540 3030 726 3116 despexerit
739 3053 784 3112 se,
806 3031 959 3117 quoniam
981 3032 1196 3095 iuramentum
1212 3030 1346 3095 Domini
1366 3040 1425 3114 cst,

304 3115 338 3176 in
371 3114 464 3177 cuius
492 3115 621 3178 nomine
653 3114 787 3198 iuratur,
816 3115 873 3180 ubi
899 3115 1030 3198 iustitia,
1058 3114 1215 3180 iudicium
1244 3124 1276 3180 et
1304 3115 1425 3180 veritas

186 3223 232 3264 ur.
242 3224 264 3272 ι,
274 3225 294 3264 s.
306 3197 439 3262 comites
461 3220 530 3263 csse
560 3196 724 3263 dicuntur:
767 3207 842 3284 post
868 3197 957 3282 haec,
985 3201 1129 3286 inquam,
1156 3199 1236 3264 dicit
1263 3199 1425 3264 Dominus

161 3292 295 3344 10r·²'1‚14·
305 3303 364 3368 per
395 3281 592 3348 Hieremiam
628 3281 820 3369 prophetam
856 3283 896 3350 de
927 3283 1103 3369 prophetis,
1135 3285 1235 3348 immo
1267 3282 1308 3350 dc
1335 3284 1424 3350 falsis

216 3352 251 3392 ¹⁶·
304 3365 488 3452 probetis,
524 3365 586 3431 hoc
618 3377 667 3432 est
698 3367 738 3432 de
771 3367 860 3432 falsis
896 3367 1098 3432 doctoribus:
1147 3367 1274 3449 Nolite,
1310 3368 1425 3455 inquit,

306 3475 351 3515 au
376 3453 425 3516 ire
446 3451 545 3516 uerba
563 3453 804 3537 prophetarum
826 3453 1004 3517 dicentium
1026 3453 1135 3516 uobis:
1159 3453 1278 3518 ‘Nolite
1301 3455 1424 3518 seruire

304 3536 378 3620 reqi
392 3535 594 3622 Babylonis',
618 3540 698 3622 quia
712 3538 919 3602 mendacium
934 3538 1003 3622 ipsi
1016 3537 1197 3622 loquuntur
1210 3537 1319 3620 uobis,·
1342 3539 1424 3622 quia

304 3642 372 3683 non
401 3619 478 3684 misi
506 3642 568 3700 eos,
599 3623 647 3684 ait
667 3621 840 3701 Dominus,
869 3629 898 3685 et
926 3622 995 3706 ipsi
1011 3621 1215 3706 prophetant
1235 3622 1271 3685 iu
1293 3621 1423 3685 nornine

303 3725 371 3767 meo
393 3705 601 3786 mendaciter,
622 3713 659 3768 ut
680 3707 801 3769 eiciant
822 3727 888 3785 uos,
910 3714 939 3769 et
957 3707 1103 3794 pereatis
1132 3715 1200 3770 tam
1229 3727 1295 3784 uos,
1323 3726 1423 3789 quam

299 3787 492 3872 prophetae,
520 3789 577 3873 qui
604 3790 832 3853 vaticinantur
857 3789 956 3853 vobis.
1000 3787 1095 3855 Oertc
1125 3810 1245 3870 omnes,
1266 3797 1424 3874 quotquot

304 3872 466 3957 potestati,
487 3871 586 3934 immo
604 3870 668 3935 Dei
691 3872 885 3945 ordinationi
906 3873 1067 3955 resistunt,
1089 3895 1109 3936 a
1130 3892 1229 3958 regno
1244 3871 1309 3937 Dei
1330 3872 1424 3938 eiecti

329 3955 466 4038 eribunt,
488 3963 520 4020 et
540 3956 661 4042 periuri
683 3978 817 4042 regnum
839 3957 904 4022 Dei
925 3979 990 4021 non
1011 3955 1233 4043 possidebunt.
1273 3957 1325 4023 De
1348 3957 1425 4023 dua·

304 3978 366 4105 bus
399 4039 520 4126 quippe
552 4039 737 4104 civitatibus
769 4063 874 4128 pauca
907 4041 1049 4106 diximus
1079 4063 1186 4128 supra,
1215 4042 1309 4108 iuxta
1359 4043 1424 4107 uod

306 4123 418 4190 scribit
450 4135 580 4216 sanctus
609 4123 831 4211 Augustinus²
864 4127 897 4189 in
924 4123 1007 4190 libro
1039 4128 1088 4191 19.
1122 4125 1162 4192 de
1193 4128 1322 4194 civitate
1383 4127 1423 4209 ei,

308 4317 334 4380 1)
355 4316 396 4367 cf.
417 4332 439 4366 c.
458 4319 503 4366 31.
577 4315 606 4382 2)
623 4318 765 4384 Augustini
786 4321 876 4385 Opera
893 4318 958 4381 VII,
978 4335 1004 4384 p.
1024 4317 1086 4368 5⁷1.
