3098 4818
413 356 536 407 BRUNO
556 355 607 406 DE
628 355 748 408 BELLO
770 355 961 408 SAXONICO.
1212 359 1249 407 37

128 505 190 587 sibi
211 543 274 586 non
297 520 517 604 subiacebant,
538 520 660 606 gloriae
683 543 760 586 suae
781 522 900 585 famam
915 523 1036 588 cunctis
1056 523 1249 588 laudandam
1262 547 1328 590 rora.

127 608 364 672 transmitteret.
402 605 487 685 Quia
508 627 585 669 vero
608 604 805 670 crudelitatis
819 608 885 669 anti
909 627 970 670 uae
984 629 1051 672 non
1071 610 1249 689 immemor,

127 691 232 754 timeri
258 699 383 754 tantum
410 711 471 754 nec
497 690 598 752 amari
621 688 770 770 curabat,
800 712 859 754 nec
883 629 1028 754 daxones
1056 691 1118 755 sibi
1140 692 1250 758 fideles

126 795 186 838 nec
212 771 292 837 alias
319 775 370 836 sui
395 773 488 858 regni
514 774 658 837 nationes
685 773 819 837 devotas
846 772 1000 855 habebat,
1031 783 1063 839 et
1084 777 1250 862 ingentem

127 857 215 943 apud
237 868 364 921 exteras
385 865 498 942 gentes
519 856 661 938 laudem,
685 880 782 942 quam
804 868 914 942 posset
928 856 1062 941 habere,
1108 859 1250 925 ardebat.

126 941 249 1005 Amicis
277 943 363 1006 enim
390 962 456 1005 non
485 942 590 1004 minus
620 963 717 1027 quam
746 941 893 1006 hostibus
921 941 1058 1006 erudelis
1078 883 1153 1024 lla,
1187 945 1251 1008 nisi

126 1025 215 1110 quod
242 1026 276 1088 in
304 1026 426 1089 amicos
448 1024 666 1090 crudelitatem
692 1026 782 1110 prius
805 1025 991 1107 exercebat,
1022 1038 1057 1091 ut
1078 1027 1186 1092 hostes
1209 1050 1252 1093 ex

125 1109 188 1172 hoe
211 1118 449 1194 cognoscerent,
472 1109 550 1194 quid
572 1108 635 1172 sibi
657 1108 801 1174 futurum
823 1119 997 1208 sperarent.
1148 1121 1153 1133 ’

210 1193 261 1258 56.
312 1192 508 1256 Ekkibertia
546 1192 684 1277 denique
722 1192 932 1274 marchionis,
996 1195 1029 1256 ui
1067 1193 1250 1259 Saxonibus

126 1273 251 1339 nullum
273 1275 392 1340 fecerat
413 1275 586 1356 auxilium,
617 1275 673 1339 sed
695 1277 782 1362 regi,
811 1287 924 1362 utpote
945 1215 1039 1342 vdlde
1066 1279 1249 1364 propinquo

125 1381 253 1444 genere,
276 1368 343 1424 toto
365 1361 472 1423 animo
488 1358 626 1441 favebat,
640 1363 858 1445 possessiones
902 1363 969 1424 rius
989 1363 1111 1424 invadit
1133 1384 1251 1448 easque

129 1443 329 1525 Othelricol,
356 1444 485 1508 cuidam
508 1443 549 1508 de
571 1445 636 1507 suis
659 1443 857 1526 consiliariis,
879 1383 1020 1508 donavit.
1056 1445 1121 1508 Hic
1144 1445 1252 1510 Othel-

125 1528 214 1591 ricus
246 1527 287 1592 de
316 1520 512 1594 Godetheim
546 1527 700 1592 oriundus
731 1529 807 1609 fuit,
840 1539 872 1592 et
904 1529 980 1614 quia
1007 1529 1072 1593 Dei
1103 1531 1252 1594 timorem

125 1613 254 1697 penitus
277 1605 693 1692 abieceratJ'Grodeshaz⁰¹¹
717 1633 875 1696 agnomen
896 1611 1047 1695 habebat,
1100 1615 1154 1676 uia
1176 1636 1251 1678 vere

126 1717 168 1760 ex
192 1697 265 1760 odio
288 1695 352 1760 Dei
373 1705 522 1777 venerat,
553 1694 640 1780 quod
669 1694 721 1759 ille
746 1700 816 1778 regi
837 1695 1036 1760 familiariter
1057 1635 1252 1763 adhaerebat

125 1779 277 1864 regisque
292 1787 433 1842 mentem
448 1800 508 1864 pro
524 1800 581 1842 suo
596 1776 677 1841 velle
693 1777 893 1862 disponebat.
926 1779 1054 1844 Deinde
1069 1791 1251 1845 nostrorum

125 1863 212 1927 bona
245 1863 461 1946 captivorum,
496 1883 579 1946 quae
611 1862 690 1959 ipsis
720 1882 850 1926 manere
879 1861 1040 1926 debebant
1068 1865 1194 1948 integra
1224 1865 1251 1928 si

124 1945 206 2009 fides
227 1944 339 2008 fuisset
361 1947 391 2009 ei
411 1947 553 2030 integra,
580 1966 647 2007 suis
674 1946 823 2030 parasitis
844 1943 996 2030 largitur3
1024 1957 1056 2010 et
1078 1968 1160 2032 quae
1184 1949 1250 2011 suis

125 2029 327 2114 principibus
352 2029 386 2091 in
413 2051 471 2092 nos
498 2028 584 2092 bona
610 2029 775 2113 promisit,
808 2039 925 2092 cuncta
953 2031 1115 2095 mentitur.
1159 2031 1251 2094 Tunc

125 2114 222 2178 urbes
245 2122 277 2177 et
305 2111 434 2178 castella
463 2113 516 2177 vel
538 2134 747 2262 ‹prascunque
769 2113 962 2178 munitiones
983 2113 1088 2176 adhuc
1110 2113 1252 2178 habebat

126 2197 286 2278 Saxonis,
319 2198 384 2261 suis
418 2198 549 2283 sequaci
574 2218 611 2260 us
644 2197 895 2280 commendavit3
929 2205 960 2262 et
992 2208 1027 2261 ut
1058 2220 1117 2283 per
1148 2206 1248 2262 totam

124 2281 288 2366 regionem
310 2281 513 2364 tyrannidem
536 2289 722 2344 exercerent
743 2282 924 2367 imperavit.

208 2366 260 2429 57.
304 2364 427 2428 Natalis
458 2365 612 2428 dominici
633 2364 852 2446 festivitatem,
885 2364 942 2429 ubi
966 2365 1056 2430 1076.
1079 2386 1183 2429 annus
1205 2364 1248 2429 ab

123 2449 342 2513 incarnatione
373 2449 506 2511 Domini
539 2448 723 2526 inchoatur,
757 2450 942 2512 convocatis
974 2449 1016 2512 ad
1050 2471 1084 2514 se
1116 2471 1247 2513 suarum

124 2531 264 2616 partium
287 2533 478 2617 episcopisl,
505 2533 611 2595 animo
641 2553 706 2595 non
733 2531 848 2596 festivo
872 2530 1039 2596 Goslariae
1062 2531 1246 2614 celebravit,

124 2616 200 2700 quia
228 2614 346 2678 festum
375 2613 485 2679 salutis
512 2613 671 2680 humanae
699 2616 895 2701 principium
922 2615 1051 2681 Ottonis
1084 2617 1246 2680 occisione

123 2697 261 2762 nefanda
290 2700 506 2763 contaminare
533 2699 707 2785 disposuit3
737 2720 834 2797 quem
857 2697 1004 2762 Christus
1026 2698 1068 2762 ad
1089 2699 1244 2763 honorem

124 2803 199 2847 suae
232 2783 407 2846 nativitatis
439 2782 551 2846 eadem
584 2783 688 2866 gratia
719 2781 907 2846 mirabiliter
939 2783 1072 2867 eripuit,
1107 2805 1171 2869 qua
1202 2783 1245 2847 ad

121 2865 323 2930 liberandum
349 2887 451 2951 genus
479 2867 653 2930 humanum
682 2867 754 2950 ipso
781 2876 925 2952 tempore
946 2866 1037 2930 Deus
1058 2865 1153 2930 homo
1175 2866 1246 2930 fieri

122 2949 233 3017 voluit.
285 2949 368 3014 Nam
403 2951 511 3035 ipsum
547 2949 663 3013 ducem
690 2951 850 3034 ltopertoe
883 2948 1147 3036 Babenbergensi
1179 2951 1244 3014 ei-

124 3055 222 3118 scopo
246 3033 440 3099 servandum
462 3035 682 3114 commiserat,
716 3043 747 3098 et
768 3035 939 3120 episcopus
963 3056 1035 3099 eum
1057 3037 1091 3098 in
1114 2973 1243 3098 castello

124 3118 274 3202 quodam,
297 3117 373 3182 dum
396 3119 465 3202 ipse
512 3128 637 3202 ergeret
651 3116 693 3180 ad
709 3127 831 3182 curtem
845 3119 978 3204 regiam,
1000 3117 1154 3182 militibus
1177 3119 1244 3182 suis

123 3199 368 3265 custodiendum
397 3141 581 3266 tradiderat.
624 3200 669 3264 At
697 3225 756 3265 rex
788 3200 864 3266 illue
897 3203 1047 3287 episcopo
1080 3203 1245 3266 nesciente

123 3283 211 3348 misit
230 3284 410 3369 ducemque
432 3285 472 3348 ad
495 3308 529 3348 se
553 3286 627 3349 duci
648 3287 822 3370 praecepit,
843 3288 889 3350 ita
911 3295 945 3349 ut
964 3296 1145 3370 temporum
1167 3285 1244 3348 viei-

121 3367 184 3431 bus
205 3369 336 3432 mutatis
357 3389 415 3452 per
435 3377 544 3433 noctes
565 3371 648 3432 irent
670 3379 701 3433 et
722 3391 781 3454 per
802 3368 870 3432 dies
886 3369 1028 3432 noctium
1044 3369 1116 3432 vice
1139 3369 1245 3454 quies-

123 3460 240 3520 cerent,
284 3450 430 3536 Cumque
457 3453 490 3514 in
512 3453 618 3516 media
642 3461 736 3517 nocte
757 3474 778 3514 a
820 3461 936 3516 uatuor
961 3454 1091 3516 armatis
1113 3452 1244 3515 inermis

121 3536 192 3620 ipse
215 3534 331 3599 ductus
353 3533 535 3599 Goslariam
555 3537 704 3618 venisset,
728 3537 792 3600 eti
818 3537 824 3550 '
848 3557 907 3620 per
928 3543 1050 3600 curtem
1065 3535 1107 3598 ad
1130 3534 1244 3599 silvam

121 3618 251 3683 tendere
273 3617 458 3700 voluissent,
480 3631 557 3684 tunc
578 3622 720 3706 primum
741 3617 898 3684 intellexit
920 3619 1006 3705 quod
1027 3620 1061 3681 in
1083 3617 1164 3682 silva
1191 3617 1244 3683 sel

122 3702 267 3767 occidere
295 3703 373 3766 iussi
405 3703 547 3768 fuissent.
590 3705 694 3790 Igitur
722 3725 776 3768 eos
806 3711 913 3788 rogat,
945 3711 981 3766 ut
1012 3702 1073 3766 sibi
1102 3703 1144 3766 ad
1175 3724 1243 3766 mo-

121 3788 294 3851 nasterium
318 3809 409 3850 orare
430 3787 534 3852 liceat.
571 3787 667 3868 Quod
689 3788 719 3851 ei
734 3809 808 3851 oum
825 3786 937 3850 fuisset
951 3796 1114 3871 negatum,
1137 3787 1243 3852 subito

121 3871 216 3934 unius
236 3871 380 3955 ipsorum
403 3869 546 3954 gladium
568 3870 831 3956 comprehendit&
852 3893 911 3956 per
933 3891 971 3934 ca
994 3869 1092 3949 ulum,
1116 3882 1243 3934 etcum

122 3975 198 4018 ense
224 3954 311 4018 nudo
340 3955 448 4018 invitis
475 3953 537 4018 illis
566 3955 607 4019 ad
630 3955 775 4040 episcopi
801 3956 851 4018 sui
874 3893 1016 4018 custodis
1038 3952 1243 4018 cubiculum¹1

121 4078 144 4127 a)
161 4080 275 4120 'nrriberti
292 4083 311 4120 1.
331 4075 368 4131 1¹²3
389 4081 485 4121 Eliberti
507 4083 647 4122 marchionis
670 4083 697 4121 de
717 4082 854 4122 Brnneawie
870 4081 890 4120 8.
955 4079 979 4131 h)
995 4081 1028 4120 ito
1044 4081 1072 4129 23
1094 4079 1203 4120 Otherlco
1221 4079 1242 4118 l.

123 4133 149 4176 1b
164 4139 198 4178 hta
213 4145 231 4178 ct
246 4139 315 4189 infra.
376 4139 397 4190 c)
413 4141 446 4179 ita
461 4141 487 4190 ῖς
511 4140 631 4182 Gariennos
648 4142 675 4190 13
699 4140 830 4181 Gadeshetr
848 4135 882 4180 1¹³.
943 4138 966 4189 d)
984 4149 1019 4189 ep.
1042 4149 1094 4178 cum
1112 4138 1244 4186 frequentia

122 4207 177 4236 snae
201 4199 274 4246 partis
297 4199 429 4248 principum
454 4199 474 4240 i.
534 4200 557 4252 a)
581 4200 682 4250 Reperte
706 4201 731 4248 13
763 4199 864 4238 Roberto
889 4199 909 4239 t.
980 4194 998 4248 i)
1022 4207 1046 4237 se
1070 4197 1151 4236 furtim
1175 4207 1195 4236 ο.
1221 4197 1242 4236 t.

122 4253 145 4306 g)
161 4265 225 4304 appr.
241 4257 262 4294 ii.
320 4255 346 4308 h)
361 4258 488 4307 hospitium
504 4260 524 4299 2.

123 4348 151 4416 1)
171 4349 189 4400 i.
209 4365 231 4401 e.
252 4351 342 4402 adirem
361 4351 422 4404 Dei.
461 4352 493 4402 P.
