3098 4818
407 369 530 420 BRUNO
550 369 600 418 DE
621 367 742 420 BELLO
760 366 952 420 SAXONIOO.
1205 369 1239 417 31

123 545 269 624 querunt.
314 535 397 601 Nam
421 557 494 600 cum
517 535 634 598 nostris
664 533 873 619 expertibus
901 556 943 598 ex
965 533 1098 598 summis
1126 533 1319 617 princi-rora

27 681 33 690 .
146 620 219 684 ibus
249 620 457 686 Gevehardus
487 631 625 698 comes1,
655 640 697 682 ex
724 619 837 683 mediis
865 640 942 682 vero
971 619 1183 682 Folcmarus³
1211 627 1243 682 et

122 643 299 790 Euidgerus
322 705 521 791 cecidissent,
545 724 587 766 ex
608 701 663 765 illa
682 709 773 787 parte
795 703 963 768 iacuerunt
985 711 1057 766 octo
1079 701 1241 784 primates,

122 811 187 853 non
209 791 314 852 minus
336 789 406 874 ipso
428 809 505 871 rege
527 784 663 850 nobiles.
706 786 780 850 Hoc
795 784 953 871 proelium
967 787 1107 872 primum
1122 785 1242 850 factum

125 883 173 938 est
193 894 276 936 anno
298 873 431 936 Domini
456 871 548 950 1075,
571 872 601 934 b.
624 869 723 934 Idusb
745 871 841 951 Iunii,
863 869 942 934 feria
963 870 1069 934 tertia.

205 957 258 1021 47.
302 957 391 1041 Ergo
413 977 473 1019 rex
494 954 611 1039 adepta
627 976 698 1017 cum
715 953 815 1018 multo
832 975 962 1018 suorum
978 975 1089 1018 cruore
1107 953 1243 1017 victoria

122 1039 245 1125 aliquot
272 1040 340 1104 dies
368 1041 453 1104 intra
481 1059 541 1102 sua
570 1047 675 1102 castra
702 1036 863 1119 manebat,
890 1038 992 1102 donec
1022 1059 1076 1102 eos
1099 1057 1180 1122 quos
1202 1035 1242 1100 de

122 1126 189 1188 suis
212 1132 314 1188 metus
338 1125 532 1209 disperserat
552 1120 725 1206 recollegit,
747 1133 779 1187 et
800 1131 943 1186 mortuos
959 1143 1033 1186 suos
1049 1120 1100 1186 vel
1115 1118 1243 1206 sepeliri

122 1206 174 1272 vel
188 1209 222 1270 in
236 1208 374 1293 patriam
388 1205 589 1292 sepeliendos
604 1206 680 1270 fecit
694 1207 855 1292 deportari
864 1217 885 1268 ⁰.
922 1205 1050 1270 Deinde
1066 1205 1242 1268 Saxoniam

123 1293 226 1354 nimis¹
247 1291 349 1355 laetus
377 1291 518 1372 intravit,
570 1311 645 1354 uam
674 1291 720 1354 sic
742 1298 945 1376 prostratam,
968 1301 1003 1354 nt
1025 1287 1156 1353 ulterius
1178 1307 1242 1351 non

122 1386 305 1460 resurgeret
325 1375 514 1440 aestimavit.
585 1373 661 1437 bvia
676 1397 822 1460 quaeque
837 1374 1022 1460 praedando
1038 1373 1171 1457 diripuit
1186 1381 1243 1437 aut

122 1459 272 1524 incendio
295 1460 501 1544 consumpsit.
548 1458 582 1522 Si
604 1459 724 1543 pagani
745 1481 803 1522 nos
825 1459 871 1522 ita
891 1457 1061 1539 vicissent,
1086 1478 1150 1520 non
1176 1479 1242 1520 ma·

121 1544 222 1606 iorem
244 1545 277 1606 in
298 1545 403 1608 victos
426 1541 644 1606 crudelitatem
667 1553 860 1607 exercerent.
893 1541 1035 1606 Feminis
1056 1538 1101 1603 nil
1123 1541 1243 1626 profuit

121 1628 155 1690 in
179 1627 329 1692 ecclesias
351 1627 471 1711 fugisse
493 1625 545 1690 vel
559 1625 633 1689 illae
649 1649 724 1689 suas
739 1649 790 1690 res
805 1635 1033 1711 comportasse.
1076 1624 1160 1688 Nam
1181 1627 1243 1691 viri

121 1733 180 1795 per
202 1711 297 1775 silvas
319 1711 520 1794 diffugerant,
547 1708 599 1772 vel
626 1708 811 1794 ubicunque
839 1733 929 1794 spem
960 1710 1069 1775 salutis
1097 1709 1242 1776 invenire

122 1795 250 1860 latendo
277 1802 456 1879 potuerant.
481 1851 484 1857 .
505 1793 655 1856 Feminae
684 1793 719 1856 in
747 1794 825 1879 ipsis
848 1793 1000 1876 ecclesiis,
1028 1797 1124 1858 etiam
1146 1797 1174 1858 si
1194 1795 1242 1858 fu·

122 1879 244 1964 gissent
265 1877 306 1942 ad
321 1877 429 1958 altare,
445 1876 700 1960 corrumpebant,
714 1898 773 1940 sua
796 1899 837 1941 ue
851 1875 983 1942 libidine
998 1877 1136 1942 barbaro
1153 1899 1241 1942 more

122 1961 291 2048 completa,
307 1960 442 2026 feminas
458 1983 532 2024 cum
547 1959 689 2024 ecclesiis
705 1898 944 2026 comburebant.
981 1962 1147 2047 Principes
1165 1983 1241 2026 vero

120 2047 222 2111 nostri
237 2046 381 2110 diversas
396 2045 589 2108 munitiones
605 2045 805 2108 intraverunt
824 2053 857 2108 et
876 2043 951 2108 inde
966 2044 1143 2131 legationes
1156 2047 1241 2132 regis

145 2131 323 2216 rincipibus
346 2128 475 2194 obviam
497 2129 663 2210 miserunt,
686 2127 889 2193 obsecrantes
917 2137 953 2193 ut
979 2129 1031 2194 vel
1058 2152 1143 2194 nunc
1167 2130 1239 2194 Deo

120 2153 162 2279 de
184 2235 243 2278 sua
264 2213 387 2298 gloria‘1
408 2213 529 2298 gratias
550 2220 692 2296 agerent,
721 2214 770 2277 et*
790 2212 942 2276 fratribus
965 2215 1031 2278 suis
1053 2214 1087 2277 in
1110 2213 1340 2284 chrismam.

120 2321 180 2385 pro
203 2297 323 2363 Christi
344 2299 473 2361 nomine
495 2294 545 2362 vel
559 2296 653 2361 victis
667 2307 844 2382 parcerent.
883 2297 1027 2377 Quarum
1042 2297 1238 2384 legationum

122 2381 278 2469 quasdam
301 2401 482 2466 supponere
498 2379 699 2464 complacuit,
721 2391 757 2444 ut
772 2403 814 2444 ex
828 2381 877 2444 his
891 2379 992 2446 lector
1008 2392 1139 2466 ceteras,
1163 2384 1239 2469 quia

122 2488 233 2530 omnes
256 2464 392 2532 eundem
415 2486 543 2528 sensam
565 2463 756 2544 habebant0,
778 2486 953 2548 agnoscere
975 2468 1085 2551 possit.

204 2550 257 2614 48.
300 2548 468 2633 Sipifrido
501 2549 697 2633 Mapoatiao
730 2557 759 2612 et
794 2549 1014 2614 Adalberoai‘
1057 2552 1236 2616 Wircebar-

120 2636 224 2721 pensi,
247 2633 462 2718 praesulibus
490 2633 725 2712 sanctissimis,
761 2633 991 2697 Werialerasss
1018 2633 1084 2698 solo
1106 2639 1237 2700 nomine

121 2717 331 2804 Mapedabar
354 2717 441 2780 ensis
473 2717 662 2800 episcopas,
696 2717 855 2800 quicquid
887 2716 1043 2781 humilias
1071 2728 1178 2802 potest
1210 2729 1239 2782 et

121 2803 276 2866 devotius.
323 2739 412 2874 llaia
434 2822 489 2864 vos
505 2799 588 2864 daos
602 2800 743 2864 elacrem
753 2810 1004 2885 praeceptorum
1019 2802 1085 2866 Dei
1096 2803 1237 2886 flamma

114 2885 197 2972 plus
212 2883 429 2969 aliisfervere
444 2907 510 2949 aaa
526 2883 646 2964 dubito,
669 2884 854 2968 specialiter
870 2886 916 2948 ad
929 2907 985 2949 vos
1000 2887 1083 2950 daos
1097 2887 1238 2970 supplem

121 2969 288 3056 coafapiO,
310 2991 435 3054 ropaas
450 2977 479 3032 et
493 2969 676 3049 obsecrans,
697 2977 734 3030 at
748 2970 786 3032 ia
801 2969 858 3032 boc
868 2969 1052 3054 perfectam
1068 2971 1133 3034 Dei
1148 2972 1235 3034 cari-

120 3064 226 3134 tatem,
241 3055 326 3118 sicat
340 3053 466 3136 confido
482 3075 538 3116 aas
554 3051 680 3132 labere,
693 3053 847 3136 probetis,
863 3063 899 3116 at
913 3055 950 3117 ia
965 3056 1099 3118 miseros
1104 3054 1237 3138 fratres

119 3138 364 3203 misericordiae
385 3140 511 3200 viscera
525 3136 778 3200 misericorditer
792 3137 948 3202 babeatis.
984 3137 1129 3224 Capitate
1145 3140 1236 3224 qaia,

120 3224 204 3286 sicat
230 3244 286 3285 vos
306 3219 422 3284 melias
464 3242 541 3283 uam
563 3241 621 3305 eqo
644 3222 790 3302 movistis,
814 3222 974 3307 paicqaicl
995 3223 1100 3287 alicai
1121 3224 1235 3308 pratia

120 3307 239 3370 diviua
260 3303 314 3366 lar
338 3306 417 3385 itar,
441 3244 499 3368 lac
521 3305 552 3366 ei
573 3306 643 3368 cicc
664 3303 779 3368 talenti
794 3305 832 3369 de
848 3328 910 3390 qao
925 3307 1086 3370 rationem
1100 3315 1236 3370 ventare

119 3389 228 3454 iudici
247 3328 367 3451 reddat
387 3389 579 3472 imputatur.
623 3387 738 3473 Itaqae
758 3390 840 3473 qaia
861 3390 950 3454 nodis
962 3388 1236 3472 familiaritatem

120 3495 231 3538 coram
246 3472 379 3537 domino
394 3480 504 3536 aestro
526 3493 600 3556 repe
621 3475 710 3558 repis
732 3472 873 3536 coelestis
893 3473 1122 3536 misericordia
1135 3471 1237 3536 voluit

119 3557 299 3636 concedere,
322 3558 369 3619 sic
384 3556 493 3640 ipsam
505 3553 779 3638 familiaritatem
791 3555 901 3640 facite
916 3557 1042 3620 canetis
1061 3557 1119 3641 qai
1132 3565 1236 3620 cestro

118 3641 271 3726 iadipeat
293 3639 420 3704 caecilio
466 3639 605 3720 rodesse,
628 3649 664 3702 at
685 3649 714 3704 et
736 3641 842 3704 omnis
857 3641 915 3724 qai
928 3649 1032 3704 aestro
1052 3639 1236 3704 sublevatas

109 3723 221 3810 faerit
248 3723 396 3805 cassato,
422 3662 464 3786 di
487 3731 594 3786 vestra
611 3722 776 3808 felicitate
803 3725 963 3810 paadeat,
992 3733 1021 3787 et
1045 3726 1117 3810 ipse
1144 3724 1237 3788 Deas

120 3819 287 3873 aeternam
308 3807 481 3871 mercedem
501 3807 590 3871 vobis
606 3830 674 3892 pro
695 3808 788 3872 laero
809 3807 924 3872 talenti
945 3807 1077 3872 tribuat.
1121 3808 1234 3892 Inpri-

118 3894 180 3957 mis
201 3893 215 3955 i
237 3895 307 3956 itar
320 3913 423 3956 meam
438 3913 575 3954 causam
597 3915 668 3955 cam
690 3893 819 3957 domino
842 3901 951 3957 aestro
968 3891 1124 3977 dipaetar
1144 3893 1235 3956 mise·

119 3916 268 4041 ricordia
289 3984 398 4039 nestra
418 3975 671 4039 misericorditer
692 3985 844 4057 tractare,
866 3976 988 4039 scilicet
1009 3979 1090 4060 qaia
1112 3997 1237 4059 semper

119 4137 142 4190 a)
158 4139 294 4178 salomei-us
312 4141 330 4177 l.
390 4136 414 4189 b)
429 4147 532 4176 samaras
548 4138 567 4177 V
587 4139 673 4184 eccidit,
695 4149 755 4187 qaam
776 4140 873 4188 suppleri
880 4167 886 4186 ‚
908 4150 960 4178 acm
980 4139 1025 4177 dies
1046 4143 1117 4178 certae
1134 4143 1170 4176 est.
1204 4136 1235 4177 W.

120 4195 141 4247 c)
157 4198 188 4235 ita
205 4199 229 4245 ²3
251 4197 357 4246 deputari
376 4199 394 4235 1.
448 4195 471 4246 d)
488 4197 586 4236 victoria
606 4197 627 4236 2.
675 4201 696 4246 ο)
713 4198 814 4238 habeant
835 4200 854 4244 1,
909 4197 1057 4248 0Alheroni
1079 4197 1193 4238 Wertzeb.
1211 4198 1235 4246 1;

119 4256 270 4295 Athclheroni
287 4257 307 4295 2.
358 4254 390 4306 ’3)
406 4255 442 4295 W.
462 4258 481 4294 1.

119 4347 148 4415 1)
168 4347 420 4416 Suppliadarpeasis
439 4365 530 4440 comes,
549 4348 673 4402 Lotbarii
691 4350 860 4416 imperatoris
875 4359 963 4416 pater.
1009 4349 1045 4402 W.
