3098 4818
424 371 545 423 sauro
564 371 613 422 un
632 371 751 424 annno
771 358 961 425 srxouroo
1217 374 1254 424 rr

131 539 189 604 cui
215 560 333 604 nomen
361 537 469 618 Bodo,
497 560 579 624 quae
607 539 676 604 iure
705 561 783 604 suae
809 538 964 604 deberent
992 561 1061 604 esse
1087 537 1330 622 ecclesiaque.

133 645 193 688 rex
222 621 285 686 sibi
311 620 494 686 abstudisset
521 621 646 686 iniuste.
697 619 786 688 Otto¹
806 623 874 687 dux
907 625 1139 709 querimoniam
1167 623 1253 705 fecit,

134 708 211 793 quia
233 708 385 770 ducatum
400 705 575 786 Bawariae,
597 727 693 790 quem
716 706 772 770 diu
792 708 874 772 iuste
895 706 1090 792 possederat,
1111 729 1170 771 rex
1193 708 1254 773 sibi

132 791 167 854 in
189 788 275 854 nullo
297 791 431 854 crimine
453 790 611 869 convicto,
632 789 745 854 fraude
768 790 908 889 quadam
924 792 1114 874 excogitata,
1136 791 1254 856 iniuste

132 875 284 959 rapuerit.
322 871 409 938 Dedi
431 873 573 937 marchio
595 872 636 937 de
657 873 798 971 praedi1s
819 873 861 938 ad
876 895 910 938 se
924 875 993 938 iure
1008 875 1253 960 pertinentibus,

132 957 197 1024 sibi
218 979 278 1043 per
298 957 447 1020 iniuriam
462 955 587 1038 ablatis,
609 955 686 1022 fecrt
701 956 874 1043 querelam.
910 957 1130 1022 Herimannus
1145 978 1254 1022 comes

132 1041 221 1127 quod
243 1063 346 1126 nuper
367 1048 436 1104 erat
456 1039 578 1104 factum
598 1043 750 1122 narravit,
780 1041 856 1127 quia
877 1040 1011 1106 urbem*
1034 1063 1124 1106 suam
1145 1040 1256 1106 Liuni·

132 1124 231 1210 burg,
273 1125 450 1189 hereditate
487 1123 646 1206 relictam,
689 1123 801 1189 callide
838 1147 898 1190 rex
937 1127 1121 1210 occupavit3
1159 1134 1192 1189 et
1228 1126 1256 1189 si

132 1230 206 1273 eam
252 1209 388 1272 retinere
433 1207 605 1293 potuisset,
658 1216 758 1272 totam
802 1207 888 1272 illam
935 1209 1114 1294 regionem,
1159 1231 1274 1295 quam.

133 1291 197 1357 sibi
233 1301 381 1377 parentes
419 1291 488 1355 iure
527 1290 727 1374 dimiserant,
774 1314 839 1356 non
877 1294 968 1377 regia
1004 1301 1161 1377 potestate
1199 1292 1258 1358 sed

132 1376 252 1440 iniusta
273 1375 438 1462 possidere
461 1373 571 1439 voluit
607 1375 791 1441 Fridericus
813 1397 920 1440 comes
960 1375 1047 1440 alatii
1061 1386 1256 1462 conquestus

134 1469 193 1540 est,
216 1461 293 1546 quia
314 1459 506 1524 beneficium
523 1459 610 1544 quod
628 1460 668 1524 de
683 1458 814 1525 abbatia
828 1399 1088 1524 Heroldbsfeldeb
1103 1481 1257 1545 magnum

132 1541 289 1626 habuerit,
320 1544 439 1607 iniusta
461 1543 522 1606 sibi
543 1543 684 1607 iussione
705 1544 791 1627 regis
812 1542 964 1624 ablatum,
988 1553 1114 1608 centum
1136 1544 1256 1608 mansis

131 1647 285 1711 agrorum
313 1647 333 1689 a
361 1649 437 1710 rege
465 1625 623 1691 redimere
644 1624 781 1708 volebat,
810 1649 871 1690 nec
892 1625 1029 1692 valebat.
1071 1626 1256 1692 Fridericus

132 1709 175 1774 dc
202 1710 312 1774 Monte
346 1719 379 1775 et
406 1708 646 1792 Willehalmus,
677 1731 737 1774 rex
768 1711 952 1795 agnomine,
986 1731 1122 1796 quorum
1154 1712 1256 1795 priori

132 1791 323 1876 libertatem,
346 1792 437 1858 alteri
458 1815 517 1856 rex
539 1795 663 1879 eripere
684 1792 787 1857 voluit
807 1793 1026 1876 hereditatem,
1048 1804 1182 1879 uterque
1197 1816 1256 1879 pro

135 1897 171 1941 se
194 1877 356 1962 querelam
378 1877 525 1954 faciebat,
550 1899 633 1962 quae
656 1886 789 1942 cunctos
810 1875 884 1962 plus
907 1875 978 1940 aliis
1015 1878 1200 1940 uerimoniis
1215 1878 1258 1942 ad

134 1961 387 2025 misericordiam
417 1962 649 2042 commovebat,
679 1961 756 2046 quia
781 1961 816 2024 in
844 1959 907 2024 illis
934 1899 1060 2024 duobus
1090 1960 1167 2046 quid
1188 1963 1258 2024 uni-

134 2045 236 2108 versis
257 2044 362 2111 facere
384 2044 549 2132 cogitabat
569 2042 796 2128 aestimabant3
819 2045 896 2132 quia
911 2043 1034 2108 scilicet
1048 2043 1206 2124 omnibus,
1229 2046 1257 2108 si

159 2137 253 2208 osset,
281 2127 461 2195 libertatem
487 2127 582 2192 simul
608 2138 640 2193 et
668 2129 888 2214 possessiones
909 2128 1034 2192 auferre
1055 2126 1255 2213 disponebat

134 2149 263 2277 beinde
302 2215 399 2278 ceteri
432 2235 507 2278 suas
543 2214 680 2300 quisque
706 2213 904 2298 proferebat,
934 2234 1015 2298 quas
1047 2220 1115 2275 erat
1140 2232 1256 2310 passus

134 2296 281 2380 iniurias3
309 2296 351 2362 ad
379 2318 459 2383 quas
487 2296 783 2362 commemorandas
809 2319 869 2361 nee
899 2297 1020 2382 pagina
1046 2294 1165 2360 suffic1t
1194 2317 1255 2360 nec

135 2381 298 2444 memoria.
343 2379 465 2445 Omnes
492 2401 568 2465 ergo
597 2381 652 2466 qui
680 2377 726 2444 ibi
759 2391 974 2446 convenerant
994 2421 1036 2429 —
1063 2389 1257 2445 convenerat

135 2471 244 2528 autem
265 2464 427 2526 maximus
449 2465 610 2528 exercitus
625 2503 665 2512 —
687 2463 871 2548 singillatim
892 2465 1086 2545 iuraverunt,
1109 2464 1257 2550 episcopi

137 2545 267 2632 quidem
288 2555 333 2628 ut,
363 2554 519 2632 quantum
546 2545 634 2612 salvo
657 2547 768 2611 ordine
791 2569 849 2611 suo
871 2557 1011 2632 possent,
1037 2548 1113 2610 totis
1134 2548 1258 2612 viribus

135 2627 345 2694 ecclesiarum
377 2651 508 2694 suarum
534 2651 660 2694 necnon
690 2640 722 2694 et
752 2632 850 2697 totius
883 2629 1045 2694 Saxoniae
1076 2629 1259 2694 libertatem

137 2722 249 2778 contra
277 2734 387 2777 omnes
413 2714 559 2777 homines
589 2712 809 2797 defenderent3
836 2712 911 2777 laici
932 2734 1018 2794 vero,
1046 2721 1083 2776 ut
1103 2712 1260 2797 quamdiu

135 2797 282 2862 viverent
309 2796 489 2862 libertatem
519 2819 611 2860 suam
639 2818 704 2860 non
733 2799 924 2878 amitterent,
954 2805 1136 2881 terramque
1165 2817 1260 2860 suam

136 2879 260 2946 nullum
282 2881 435 2967 deinceps
456 2879 612 2946 violenter
632 2879 782 2967 praedari
802 2881 1032 2966 permitterent.

221 2965 272 3029 27.
315 2966 384 3030 Nec
407 2963 507 3030 multo
529 2974 604 3049 post
624 2973 713 3029 recta
733 2965 787 3029 via
808 2965 851 3028 ad
873 2961 1090 3048 Hartesburg‚
1119 2963 1176 3028 ubi
1198 2985 1257 3028 rex
1270 2979 1330 3031 Aac·

136 3058 214 3129 erat,
237 3070 312 3112 cum
334 3070 451 3135 magno
473 3050 618 3114 exercitu
639 3059 858 3134 perrexerunt,
884 3057 917 3112 et
938 3055 1048 3111 contra
1069 3046 1182 3112 urbem
1202 3048 1258 3129 ita,

137 3141 174 3196 ut
201 3133 277 3196 inde
304 3143 435 3218 possent
460 3133 579 3214 videri,
612 3141 717 3198 castra
743 3141 929 3218 posuerunt.
980 3131 1070 3211 Quos
1100 3151 1173 3194 cum
1201 3153 1262 3195 rex

137 3214 286 3296 vidisset,
315 3214 420 3280 subito
450 3215 580 3302 quidem
609 3226 738 3314 stupore
765 3215 931 3302 perculsus
960 3215 1106 3314 expavit3
1140 3213 1197 3278 sed
1224 3225 1261 3278 ut

138 3307 208 3362 erat
240 3298 471 3382 dissimulator,
515 3299 607 3384 quasi
644 3298 743 3363 nichil
775 3301 891 3364 timens
923 3308 1051 3362 nuntios
1073 3298 1169 3377 misit,
1203 3299 1260 3384 qui

136 3382 281 3448 dicerent
301 3405 336 3447 se
357 3405 421 3447 non
442 3405 557 3468 parum
579 3383 703 3463 mirari,
726 3383 803 3469 quid
824 3381 919 3447 vellet
940 3391 1028 3448 tanta
1051 3382 1258 3465 congregatio

136 3465 264 3552 populi,
298 3489 331 3530 se
361 3488 426 3530 non
452 3475 581 3553 putare,
614 3467 702 3553 quod
753 3467 905 3553 nicquam
927 3474 1038 3528 contra
1058 3485 1113 3528 eos
1134 3472 1260 3528 tannim

135 3551 319 3632 meruisset,
352 3572 450 3636 quare
477 3552 591 3615 merito
619 3549 713 3615 civile
770 3549 865 3614 ellum
893 3549 1036 3634 incipere
1063 3546 1256 3612 debuissent.
1295 3577 1299 3586 ·

136 3633 312 3698 Discedere
334 3656 389 3698 eos
418 3633 459 3698 ab
488 3635 596 3698 armis.
641 3633 677 3699 Si
704 3634 783 3720 quid
805 3632 1004 3721 querendum
1031 3632 1187 3712 habeant,
1220 3655 1255 3697 se

136 3727 285 3804 paratum
299 3718 406 3782 animo
421 3727 536 3803 pacato
552 3739 754 3803 cognoscere,
777 3726 810 3782 et
830 3718 858 3781 si
873 3717 951 3804 quid
966 3717 1008 3780 sit
1023 3715 1257 3801 corrigendum,

137 3800 269 3866 consilio
295 3803 398 3887 princi
424 3825 478 3866 um
505 3812 537 3866 et
563 3803 742 3866 amicorum
774 3823 905 3866 suorum
935 3801 1104 3885 corrigere.
1147 3799 1261 3864 Nuntii

136 3895 245 3950 autem
267 3895 358 3951 erant
379 3824 563 3950 Fiidericus
592 3886 792 3972 episcopus1,
819 3883 1012 3950 Bertholdus
1041 3882 1109 3947 dux
1117 3893 1139 3966 ²,
1174 3882 1257 3968 Sigi-

136 3968 237 4034 fridus
268 3972 355 4055 regis
386 3969 593 4055 capellanus³.
643 3969 727 4034 Nam
763 3979 906 4034 mortuus
945 3969 1009 4031 iam
1045 3988 1149 4052 nuper
1189 3976 1258 4031 erat

136 4148 160 4200 a)
169 4161 191 4200 q.
200 4160 242 4200 per
254 4161 277 4194 u.
286 4163 304 4193 s.
314 4161 383 4200 quam
391 4151 529 4200 nuntburgk
539 4152 560 4191 1.
585 4148 610 4202 b)
619 4150 796 4192 Heraldesfalde
811 4153 838 4203 ¹3
853 4147 1034 4192 Herolderfelda
1050 4142 1089 4198 1¹³3
1105 4146 1228 4188 Herosfald
1237 4149 1258 4188 2.

140 4278 169 4344 1)
194 4280 421 4335 Moucaterieusis.
508 4281 538 4350 2)
566 4281 728 4334 carinthiae.
818 4278 847 4346 3)
873 4280 926 4342 out
952 4297 977 4331 a.
1010 4277 1090 4329 1077.
1126 4278 1264 4347 epucopua

139 4349 313 4420 Aequateusis
325 4356 419 4421 scetus
439 4364 484 4408 eat.
530 4355 567 4408 W.

1009 4435 1029 4499 2
