3114 4814
302 356 352 406 DE
372 354 530 406 UNITATE
550 353 754 406 uccnnsma
776 354 1050 407 CONSERVANDA.
1189 353 1240 406 100

205 523 261 588 33..
290 521 318 586 A
342 523 386 586 ud
402 521 471 586 illos
486 522 644 610 siquidem
664 523 835 608 episcopos
857 531 968 588 euntes
991 522 1033 586 ad
1054 544 1240 608 expugnan-

120 608 198 672 dum
220 545 494 692 Wirziburgensis
524 606 677 671 eeclesiae
707 608 938 693 episcopatum,
966 605 1094 692 quando
1119 607 1240 672 factum

120 701 171 758 est
198 689 260 755 hoc
290 691 330 756 de
352 712 416 778 quo
443 692 507 754 iam
530 691 672 756 diximus
693 690 861 777 praelium,
885 691 972 776 apud
993 691 1075 772 illos,
1096 692 1239 778 inquam,

120 778 292 875 episcopos
319 785 397 840 tuno
426 785 495 840 erat
522 777 620 857 curia,
651 797 732 875 quae
762 775 879 840 dicitur
900 797 920 839 a
942 775 1139 857 crudelitate,
1163 797 1253 872 quo-x

120 883 207 925 mam
240 858 329 946 apud
361 881 425 940 eos,
459 861 543 924 sicut
571 881 630 924 nos
656 861 720 947 1psi
752 860 988 947 prospeximus,
1022 869 1241 924 convenerunt

120 945 284 1032 principes
308 943 480 1025 Saxoniae,
509 953 684 1009 tractantes
706 944 746 1008 de
769 944 910 1028 suscepti
938 943 1014 1010 belli
1036 943 1239 1026 crudelitate,

121 1029 179 1095 ubi
208 1029 332 1115 primus
365 1036 433 1092 erat
465 1029 505 1094 de
559 1028 739 1114 rincipibus
771 1028 933 1126 Egbertus
966 1027 1118 1112 marchio,
1154 1028 1239 1092 filius

120 1111 257 1198 Egberti
278 1113 413 1177 senioris
424 1125 445 1193 ¹,
468 1113 525 1198 qui
537 1052 600 1178 luit
613 1111 786 1198 patruelis²
807 1113 898 1176 rstius
922 1113 977 1198 qui
998 1111 1105 1177 adhuc
1126 1120 1241 1198 regnat

120 1195 280 1262 Henrichi
300 1198 520 1282 imperatoris;
565 1219 639 1262 uem
661 1197 783 1262 scilicet
797 1197 996 1261 Henrichum
1018 1197 1124 1261 adhue
1146 1196 1240 1260 valde

120 1292 280 1368 puerum⁸
302 1281 354 1345 ille
376 1282 483 1346 senior
496 1220 657 1366 Egbemns
679 1291 711 1346 et
731 1280 786 1346 alii
802 1280 955 1366 quidam4
977 1281 1017 1346 de
1038 1279 1240 1367 principibus

120 1366 216 1451 regni
230 1367 474 1431 subtraxerunt⁵
490 1367 659 1431 immature
683 1387 703 1429 a
717 1364 817 1430 tutela
830 1365 903 1450 piae
917 1367 1112 1430 memoriae⁰
1128 1367 1239 1429 matris

120 1472 199 1514 suae
221 1450 433 1535 imperatricis
454 1450 508 1515 Ha
531 1471 601 1534 nae,
629 1471 701 1514 cum
723 1452 787 1514 iarn
810 1457 884 1515 ante
905 1471 1007 1514 annos
1028 1471 1087 1514 sex
1109 1451 1241 1515 obiisset

119 1533 291 1620 religiosus
312 1544 404 1620 pater
426 1535 495 1600 eius
508 1474 711 1616 llenrichus,
734 1555 818 1598 anno
841 1532 966 1598 scilicet
986 1535 1077 1600 1056.
1099 1554 1119 1596 a
1141 1534 1332 1602 domi-oeta.

119 1619 195 1682 nica
221 1620 451 1700 incarnatione,-
479 1619 608 1706 quando
637 1630 748 1684 sextus
776 1629 845 1684 erat
871 1640 974 1682 annus
995 1620 1086 1684 istius
1108 1619 1241 1682 iunioris

119 1702 279 1768 Henrichi
308 1725 328 1766 a
356 1704 533 1783 nativitate,
561 1707 674 1768 tertius
701 1712 807 1767 autem
829 1702 870 1766 ab
894 1703 962 1768 eius
983 1702 1184 1767 ordinatione
1206 1703 1242 1765 in

119 1809 240 1873 regem,
262 1787 453 1872 quaefacta
475 1797 523 1851 est
544 1785 741 1874 Aquisgrani
762 1809 821 1873 per
834 1785 1026 1851 Herimanni
1041 1785 1316 1852 Coloniensis1054·

120 1871 359 1970 archiepiscopi
395 1873 580 1936 unctionem
594 1885 616 1935 1.
670 1871 735 1936 Sed
771 1879 942 1956 postquam
978 1869 1110 1956 puerilis
1149 1871 1241 1955 regni
1250 1851 1295 1894 Μ·
1305 1853 1340 1893 ¹⁷·

120 1955 267 2021 custod1a
283 1957 371 2021 venit
389 1977 409 2020 a
426 1965 527 2020 matre
549 1956 590 2020 ad
612 1956 774 2042 principes
796 1956 898 2040 regni,
920 1965 990 2019 tum
1008 1977 1084 2020 vero
1103 1955 1175 2017 iura
1189 1953 1241 2018 vel

120 2039 275 2106 ecclesiae
296 2039 347 2106 vel
362 2041 408 2106 rei
423 2039 572 2126 publicae
588 2049 764 2126 coeperunt
785 2060 845 2125 pro
860 2037 924 2104 levi
937 2050 1100 2104 momento
1117 2038 1238 2120 haberi,

120 2147 195 2190 cum
223 2125 383 2211 siquidem
409 2123 498 2188 nulla
525 2145 561 2188 re
589 2133 814 2211 praeterquam
842 2123 969 2209 legibus
996 2124 1115 2208 poterit
1135 2120 1239 2187 multi·

119 2209 199 2274 tudo
228 2209 409 2274 coalescere
438 2209 472 2272 in
494 2231 613 2308 corpus
634 2211 727 2273 unius
756 2207 877 2294 populi.
920 2208 964 2272 Et
985 2231 1019 2272 re
1040 2229 1119 2272 vera
1141 2205 1240 2292 ‘quod

120 2306 198 2360 tune
217 2293 380 2359 confotum
395 2303 453 2375 est,
475 2303 581 2379 eruplt
601 2295 666 2358 iam
687 2295 721 2356 in
735 2292 900 2378 regulum',
923 2292 1075 2378 quoniam
1097 2313 1136 2355 ea
1157 2313 1239 2378 quae
1249 2322 1278 2364 ar.
1289 2321 1400 2374 natan

120 2389 199 2444 tunc
221 2376 363 2442 latebant
389 2378 553 2463 genimina
574 2379 761 2464 viperarum
787 2387 983 2462 pepererunt
1010 2379 1072 2440 iam
1102 2376 1239 2440 fetorem
1249 2381 1367 2423 011100·

119 2463 318 2528 teterrimum
341 2471 373 2526 et
388 2463 566 2548 principem
582 2463 725 2526 omnium
748 2471 931 2546 serpentum
953 2460 1127 2541 diabolum,
1148 2461 1240 2525 iuxta
1265 2441 1345 2494 ²³’³³'

121 2545 210 2634 quod
231 2548 301 2634 ipse
317 2545 464 2611 diabolus
479 2545 607 2610 videtur
627 2568 712 2610 nunc
734 2545 774 2610 de
789 2567 916 2610 earcere
939 2568 997 2610 suo
1021 2544 1142 2610 solutus
1158 2567 1238 2627 esse,

119 2641 303 2718 postquam,
326 2631 409 2696 sicut
431 2634 589 2716 scriptum
612 2638 660 2694 est
680 2631 714 2693 in
737 2628 947 2715 Apocalypsi,
971 2629 1072 2694 exivit
1091 2630 1238 2694 nationes
1248 2618 1359 2719 002609ξο

121 2714 275 2781 seducere
308 2725 340 2780 et
370 2717 405 2778 in
440 2713 557 2780 bellum
586 2713 720 2796 trahere,
754 2735 834 2800 quas
865 2721 960 2776 antea
988 2713 1094 2776 modis
1122 2713 1238 2812 quibus
1302 2707 1307 2730 ’
1335 2707 1339 2718 '

119 2809 248 2887 poterat
275 2821 333 2885 per
353 2798 438 2864 mala
460 2798 560 2864 multa
587 2809 619 2864 et
640 2800 729 2863 varia
751 2797 935 2862 seducebat.
979 2796 1065 2862 Eece
1087 2818 1182 2878 emm,
1204 2806 1241 2861 ut

120 2885 425 2970 praetermittamus,
449 2905 532 2970 quae
553 2893 630 2948 tunc
651 2893 743 2968 gesta
764 2893 839 2947 sunt
860 2883 1036 2947 ambitione
1057 2881 1240 2966 principum

119 2968 174 3034 vel
194 2969 339 3050 avaritia,
361 2990 443 3054 quae
469 2978 518 3032 est
538 2966 697 3032 idolorum
720 2969 867 3048 servitus,
891 2975 923 3032 et
945 2965 1106 3053 quomodo
1128 2987 1241 3030 earun-

120 3053 196 3118 dem
217 3075 335 3134 rerum,
357 3051 444 3116 unde
466 3051 640 3118 destruitur
661 3050 797 3116 ecclesia
817 3052 938 3138 pariter
966 3060 998 3116 et
1026 3073 1077 3116 res
1098 3047 1240 3136 publica,

120 3135 295 3224 plerosque
322 3137 419 3202 etiam
446 3137 615 3222 episcopos
642 3145 738 3224 atque
770 3137 903 3202 abbates
932 3135 1161 3201 immoderatus
1194 3135 1241 3198 in-

119 3232 251 3286 vaserat
282 3223 453 3306 appetitis,
486 3229 676 3306 quaerentes
709 3219 830 3306 puerile
863 3220 948 3304 regis
976 3221 1142 3305 ingenium
1175 3220 1241 3283 suis

120 3307 231 3393 potius
260 3307 425 3370 instituere
454 3305 598 3370 moribus
628 3327 725 3392 qnam
748 3305 841 3370 bonis
863 3303 1000 3368 artibus:
1026 3315 1062 3368 ut
1082 3303 1173 3384 haee,
1195 3303 1241 3365 in-

121 3413 230 3477 quam,
281 3399 504 3471 raetereamus,
533 3411 607 3454 ecoe
637 3389 796 3454 contentio
822 3389 907 3454 facta
929 3398 978 3453 est
1002 3391 1085 3452 inter
1105 3385 1242 3452 Wezeli-

121 3497 201 3538 num
216 3413 553 3539 Hildinisheimensem
568 3474 755 3560 episcopum
773 3483 806 3538 et
820 3471 1032 3538 Wideradum
1047 3469 1241 3535 Fuldensem

121 3560 274 3625 abbatem
307 3581 405 3646 super
436 3557 603 3623 altitudine
636 3557 786 3622 sessionis
819 3579 904 3638 suae,
934 3578 1009 3620 cum
1042 3555 1081 3620 de
1113 3554 1240 3622 diabolo

122 3644 280 3731 scriptum
307 3645 358 3726 sit,
392 3643 482 3728 quia:
522 3642 620 3707 Omne
649 3643 783 3707 sublima
811 3642 899 3706 uidet
928 3651 956 3706 et
984 3650 1029 3705 eet
1055 3662 1115 3704 rect
1144 3662 1390 3726 supernatans.

122 3751 231 3794 omnes
259 3727 352 3811 filios
386 3727 570 3812 superbiae.
617 3727 722 3812 igitur
758 3748 816 3792 rex
850 3748 931 3812 puer
966 3726 996 3789 2.
1029 3746 1123 3808 anno,
1155 3733 1241 3810 post·

124 3964 152 4027 1)
174 3962 215 4013 Ol.
228 3961 316 4025 Floto,
336 3961 474 4014 ‘Heinrich
492 3961 549 4013 IV.’
565 3961 588 4026 1,
608 3979 635 4028 p.
652 3962 712 4013 101.
776 3963 803 4027 2)
824 3959 1148 4027 Sei1.fraterpatruelis.
1177 3959 1241 4008 Liu-

123 4034 222 4100 uoltus,
240 4043 311 4087 ortus
330 4053 362 4086 ex
377 4035 502 4100 coniugio
517 4034 626 4086 Giselae
647 4051 706 4086 cum
727 4037 824 4086 comite
838 4037 920 4095 Brun,
939 4035 1023 4084 irater
1042 4033 1137 4084 eadem
1157 4037 1241 4082 matre

50 4109 52 4114 ’
122 4115 204 4160 natos
224 4109 336 4160 Hsnriei
355 4109 409 4161 111.
428 4110 486 4160 fuit.
570 4109 598 4174 3)
617 4109 702 4160 Natus
722 4114 763 4160 est
782 4109 825 4159 die
846 4108 888 4158 11.
908 4108 976 4158 Nov.
996 4122 1021 4157 a.
1043 4107 1113 4156 1050
1133 4104 1240 4167 (Lamb.

123 4183 219 4246 SS.V,
239 4200 265 4248 p.
279 4183 340 4234 155,
359 4183 428 4235 falso
444 4181 524 4232 1051.
544 4181 660 4247 scribit).
710 4213 715 4224 ·
736 4181 764 4248 4)
784 4183 861 4232 Anno
881 4182 1000 4246 archiep.
1021 4178 1114 4231 Goion.
1136 4184 1163 4228 et
1176 4179 1240 4229 Otto

124 4257 159 4306 de
180 4256 335 4310 Nordheim.
392 4255 421 4323 5)
440 4257 463 4306 Ε
482 4255 568 4308 tutela
586 4257 678 4306 matris
698 4261 804 4323 ereptus
824 4260 865 4306 est
886 4254 965 4318 1062,
984 4252 1069 4320 April.
1122 4251 1150 4315 6)
1170 4251 1240 4301 Mor-

61 4353 66 4361 ·
122 4335 172 4380 tua
191 4335 232 4380 est
250 4330 341 4396 Agnes
362 4329 404 4380 die
427 4331 469 4380 14.
489 4331 556 4381 Dee.
579 4329 658 4381 107⁷.
750 4331 777 4395 t)
803 4329 845 4381 cf.
865 4327 960 4380 Lamb.
984 4325 1045 4390 (SS.
1065 4325 1098 4384 V,
1117 4343 1143 4392 p.
1166 4323 1240 4390 156).
