3098 4818
424 395 545 446 BRUNO
563 395 612 444 DE
630 395 750 445 BELLO
770 394 958 448 SAXONICO.
1210 395 1259 445 101

226 562 297 626 130.
338 563 507 649 Principes
528 584 604 629 vero
626 562 788 627 Saxoniae
814 563 938 626 cunctis
966 560 1118 646 gentibus
1146 561 1262 627 Teuto-
1274 581 1338 621 1081.

16 702 30 712 ..
141 644 232 708 nicae
260 645 404 731 linguae,
436 669 501 711 non
528 648 634 710 minus
663 646 821 710 inimicis⁸
849 668 948 731 quarn
976 646 1107 728 amicis,
1139 640 1341 732 legatoslsm·

139 729 305 811 miserunt,
333 740 482 815 rogantes
508 741 544 794 ut
564 731 720 795 Heinrico
742 729 872 816 filioque
894 731 963 794 eius
984 741 1132 816 excepto,
1155 753 1263 816 quern-

12 813 31 883 ξι
139 811 219 878 libet
238 813 336 877 alium
358 825 513 879 rectorem
535 814 704 899 eligerent3
733 837 767 878 se
789 815 829 897 ei,
857 815 1042 900 quicunque
1063 825 1157 896 esset,
1185 814 1262 880 fide·

140 895 212 961 liter
239 900 414 963 servituros
443 897 643 985 pollicentes;
671 909 829 985 quatenus
856 899 964 962 omnia
989 899 1081 997 regni
1107 898 1261 980 membra,

141 981 224 1045 sicut
246 981 322 1046 clim
336 983 469 1063 fuerant,
491 985 526 1046 in
539 1005 640 1046 unurn
656 983 717 1048 sub
731 1005 796 1046 uno
811 1005 887 1068 rege
902 992 1118 1047 convenirent.
1151 983 1262 1048 Mense

12 1097 26 1138 ς
139 1074 247 1129 autem
262 1066 355 1131 Iunio
378 1068 523 1132 exercitu
537 1066 670 1132 collecto
684 1078 895 1154 perrexerunt
913 1068 947 1130 in
963 1065 1148 1131 orientalem
1163 1067 1323 1138 Fran-111,

140 1149 233 1230 ciam,
256 1161 289 1216 et
303 1151 430 1237 praedis
445 1150 497 1215 vel
511 1151 669 1216 incendiis
691 1174 762 1217 eam
783 1150 949 1234 vastando,
970 1149 1086 1215 multas
1124 1173 1182 1214 uas
1200 1151 1262 1217 sibi

137 1231 280 1298 fecerant
294 1237 426 1298 iniurias
441 1237 693 1300 vindicaverunt.
736 1235 820 1299 Nam
842 1234 972 1298 flamma
992 1234 1092 1300 latum
1102 1173 1262 1300 iacientes

11 1355 24 1393 ς,
136 1317 207 1396 iter,
229 1329 385 1404 venerunt
405 1342 470 1384 non
492 1319 587 1404 longe
609 1319 850 1403 aBabenberg,
872 1319 983 1404 ibique
999 1320 1123 1383 Suevos
1138 1330 1263 1384 veteres

137 1402 259 1466 amicos
282 1402 435 1468 habentes
458 1403 603 1484 obviosl,
635 1403 675 1468 de
704 1404 868 1467 communi
889 1405 1019 1488 negotio
1040 1405 1126 1487 regis
1147 1405 1263 1468 consti-

136 1484 249 1549 tuendi
271 1489 434 1551 communi
464 1487 595 1552 consilio
623 1496 848 1569 tractaverunt,
878 1496 1010 1572 etpost
1037 1485 1154 1552 multos
1181 1497 1262 1551 trae

136 1578 231 1650 tatus,
260 1581 296 1635 ut
317 1570 572 1636 Herimannum⁰
599 1593 709 1655 regem
736 1570 902 1657 eligerent,
931 1571 1125 1635 unanimiter
1151 1592 1262 1636 omnes

138 1664 377 1718 consenserunt.

223 1739 294 1801 131.
339 1738 404 1803 Sed
425 1760 500 1802 cum
523 1740 669 1804 Saxones
691 1737 822 1801 domurn
850 1737 926 1801 laeti
946 1737 1141 1823 gloriosique
1162 1739 1262 1803 redis

137 1829 218 1901 sent,
240 1820 427 1907 nullumque
455 1822 589 1888 dubium
611 1822 651 1886 de
672 1821 856 1906 recipiendo
877 1843 952 1905 rege
973 1823 1154 1901 retinerent,
1177 1823 1262 1907 prin-

138 1903 227 1989 cipes
248 1904 402 1970 adversae
424 1907 534 1991 partis,
556 1907 632 1970 artis
654 1907 805 1992 antiquae
825 1926 890 1968 non
912 1903 1013 1987 obliti,
1035 1906 1112 1991 quia
1126 1904 1262 1970 electum

137 2009 246 2072 regem
262 1987 354 2054 valde
369 1991 534 2071 timebant,
557 1989 744 2055 electionem
762 1991 840 2068 eius,
862 2011 902 2052 ne
918 1988 1135 2074 perficeretur,
1157 1990 1262 2054 modis

138 2073 288 2138 omnibus
310 2072 490 2139 disturbare
513 2074 718 2161 quaerebant.
763 2075 916 2139 Ottonem
935 2094 1011 2156 ergo
1027 2073 1142 2137 ducem
1158 2074 1262 2137 solum

139 2154 202 2218 sibi
222 2155 310 2242 loqui
326 2159 493 2243 rogabant,
516 2158 688 2244 multisque
709 2155 993 2243 pollicitationibus
1015 2157 1054 2237 ei,
1076 2166 1112 2220 ut
1132 2158 1165 2220 in
1181 2155 1261 2222 elec-

137 2241 225 2304 tione
241 2240 414 2321 vacillaret,
435 2241 686 2328 persuadebant3
708 2264 774 2305 non
795 2252 903 2306 tamen
924 2250 960 2304 ut
981 2249 1104 2305 eertum
1121 2240 1199 2327 quid
1215 2242 1261 2304 eis

136 2327 346 2409 promitteret,
375 2325 501 2391 efficere
528 2337 686 2412 poterant.
734 2326 788 2391 Sic
817 2347 854 2390 eo
884 2325 1050 2389 dubitante
1078 2347 1260 2411 magnaque

138 2417 230 2492 parte
257 2410 325 2473 eius
347 2409 538 2474 dubitationi
564 2411 794 2494 consentiente,
823 2419 891 2474 tota
911 2411 1063 2494 praeterit
1084 2420 1198 2490 aestas,
1229 2419 1261 2475 et

162 2513 241 2556 aene
272 2502 372 2557 totam
406 2493 581 2558 Saxoniam
614 2503 832 2558 commoverat
867 2494 936 2556 eius
967 2491 1167 2557 instabilitas.
1221 2493 1260 2556 ln

170 2575 320 2641 ovembre
334 2599 411 2641 vero
432 2599 542 2643 mense
563 2579 678 2644 iterum
693 2587 827 2642 vocatus
848 2574 890 2639 ab
912 2575 973 2639 illis
988 2577 1030 2640 ad
1045 2575 1258 2663 soliloquium,
1268 2601 1324 2640 aas.

139 2681 215 2724 cum
235 2663 300 2723 iam
321 2669 408 2725 totus
430 2671 514 2726 esset
534 2662 705 2726 inclinatus
726 2661 768 2725 ad
789 2670 971 2725 nostrorum
988 2669 1095 2746 partes
1109 2660 1259 2743 hostiurn,

137 2745 202 2809 Dei
223 2745 441 2809 misericordia
454 2745 600 2827 faciente,
621 2768 663 2809 ne
677 2756 725 2810 tot
739 2767 813 2809 suos
827 2743 963 2826 labores,
986 2766 1065 2830 quos
1080 2766 1139 2829 pro
1154 2745 1260 2830 patria

137 2826 338 2911 toleraverat,
358 2832 392 2892 in
413 2827 533 2894 ultimis
554 2838 620 2894 tem
645 2828 753 2894 oribus
774 2829 931 2915 perderet,
954 2849 1056 2914 equus
1076 2829 1130 2892 cui
1143 2828 1259 2893 inside-

137 2911 217 2978 batd
238 2913 272 2976 in
293 2912 389 3000 plano
412 2935 527 2999 campo
549 2853 676 2994 cecidit,
704 2913 832 2998 ipsique
854 2912 972 2976 sessori
994 2933 1066 2976 crus
1093 2935 1193 2976 unum
1215 2913 1260 2977 ita

137 2997 297 3079 contrivit,
319 3009 356 3063 ut
376 2997 443 3062 fere
464 3000 530 3062 inte
570 3019 589 3061 o
611 3019 720 3062 mense
741 2997 804 3060 nisi
825 3004 971 3082 portatus
993 2996 1039 3060 ire
1061 3017 1125 3060 non
1140 3006 1259 3081 posset.

137 3080 242 3164 Igitur
269 3081 311 3144 ad
339 3104 374 3146 se
402 3082 505 3165 gratia
566 3082 595 3146 ei
624 3092 773 3146 movente
800 3102 956 3160 reversus,
986 3103 1020 3145 se
1047 3101 1198 3164 peccasse
1228 3090 1261 3146 et

137 3163 249 3227 divina
270 3165 389 3250 pietate
410 3175 594 3252 correptum
615 3188 687 3231 esse
707 3163 874 3230 intellexit.
917 3164 1026 3228 Missis
1048 3165 1157 3250 itaque
1174 3163 1260 3249 lega·

137 3247 278 3312 tionibus
301 3247 444 3332 diversis,
467 3259 499 3314 et
519 3250 664 3315 hostibus
684 3249 888 3329 renuntiavit,
918 3257 950 3312 et
978 3246 1105 3311 civibus
1131 3249 1198 3311 suis
1225 3270 1259 3312 se

138 3354 267 3418 semper
287 3331 355 3396 fore
377 3332 503 3398 fidelem
525 3343 557 3398 et
571 3333 763 3398 concordem
780 3331 917 3396 fideliter
929 3331 1121 3416 repromisit.
1164 3331 1259 3396 Unde

137 3417 300 3502 principes
323 3416 483 3481 Saxoniae
504 3417 598 3482 valde
627 3417 744 3499 laetati,
773 3438 883 3500 regem
910 3436 1003 3477 suum
1025 3415 1258 3479 Herimannum

139 3521 213 3563 cum
242 3522 274 3563 m
341 3523 359 3564 o
389 3500 531 3585 tripudio
559 3501 725 3566 Goslariae
754 3508 975 3585 susceperunt,
1003 3499 1117 3583 paucis
1146 3499 1258 3564 diebus

138 3594 212 3648 ante
233 3595 309 3649 nata
321 3607 372 3648 em
393 3586 536 3650 Domini.
578 3587 618 3649 In
638 3585 736 3650 natali
753 3605 829 3649 vero
851 3583 954 3647 sancti
976 3581 1132 3668 Stephani
1151 3593 1258 3668 proto·
1270 3604 1318 3644 na.
1335 3604 1371 3644 as.

138 3669 289 3754 martyris
311 3690 331 3731 a
342 3668 506 3753 Sigifrido,
521 3669 727 3756 Magontinae
741 3668 826 3734 sedis
837 3665 1087 3765 archiepiscopo,
1103 3666 1137 3729 in
1147 3689 1258 3752 regern

137 3750 362 3817 venerabiliter
383 3763 432 3817 est
453 3765 578 3836 unctus,
600 3776 675 3818 cum
696 3754 761 3817 iarn
785 3751 894 3818 1082r0
914 3772 1016 3815 annus
1030 3751 1258 3816 mearnationis

138 3835 320 3901 dominicae
341 3835 454 3902 suisset
474 3838 649 3924 inceptum.

139 3999 163 4051 a)
179 4011 224 4042 sm.
241 4013 263 4052 q.
279 4001 294 4042 i.
313 4003 333 4041 1.
407 3999 540 4052 b)daast1.
616 3999 910 4052 quermreoaaanar.
998 3996 1111 4049 (Ναὶς
1126 3996 1222 4037 sedabat
1237 3999 1257 4036 1.

136 4057 163 4110 e)
179 4060 208 4100 st
223 4063 311 4101 “ntum
327 4061 356 4101 ds
371 4060 434 4100 bello
449 4061 490 4100 1110
500 4059 615 4102 saxonico
631 4064 655 4100 at
666 4061 777 4100 Hetnrlco
792 4063 875 4110 quarto
890 4070 920 4100 ex
933 4059 1027 4099 cronica
1040 4056 1168 4098 athletorta
1180 4057 1225 4096 tata
1237 4056 1258 4096 1.

540 4327 860 4340 .-.-,----
