3116 4822
312 374 347 424 64
502 374 551 424 DE
570 372 728 424 UNITATE
749 370 953 424 recussus
974 367 1251 424 consueverim.

311 541 588 626 Respondendurn
611 551 656 605 cst
677 543 774 604 etiam
796 541 859 620 bis,
882 539 995 625 inquit,
1019 541 1076 624 qui
1094 537 1301 622 spiritalibus
1317 559 1431 601 saecu-

311 627 412 708 laria,
434 627 556 691 diuinis
578 627 727 690 burnana
744 624 969 709 praeferentes
992 632 1020 686 ct
1041 625 1095 686 ius
1111 621 1312 686 sacerdotale
1334 619 1433 686 laicis

311 711 513 775 substernere
535 708 685 790 uolentes,
707 717 962 793 conqueruntur,
989 707 1194 771 Henricbuni
1225 729 1247 770 a
1269 704 1431 792 Gregorio

311 796 379 858 sine
401 793 545 880 enernplo
567 795 769 858 damnatum.
813 791 880 857 Seal
901 802 937 856 ut
959 793 1191 875 querimoniae,
1212 789 1326 875 inquit,
1355 790 1431 854 huic

312 878 478 942 silentium
504 881 688 962 imponant,
714 877 875 941 inclinent
906 899 1004 941 aures
1030 876 1188 956 historiis,
1211 895 1431 960 quamsaepe

308 962 481 1046 praesules
508 985 576 1027 non
603 962 705 1027 solunt
736 961 918 1046 apostolici,
947 961 1004 1026 aed
1031 961 1128 1024 etiam
1146 956 1372 1044 provinciales
1393 957 1431 1020 in

312 1045 501 1131 defensione
522 1048 609 1111 iuris
625 1047 780 1110 canonici
793 1044 902 1132 repuli
923 1046 990 1108 siue
1006 1045 1218 1128 imperatorio
1233 1065 1300 1106 non
1311 1063 1430 1127 peper-

312 1139 426 1194 cerunt
454 1132 589 1196 nornini.
632 1129 730 1210 Ecce,
754 1151 829 1193 cum
858 1139 977 1214 quanto
1005 1129 1074 1212 agit
1095 1125 1201 1192 studio
1223 1125 1430 1211 pertinaciae,

311 1221 348 1278 ut
370 1223 500 1278 moveat
521 1235 579 1277 nos
601 1235 621 1276 a
643 1212 804 1276 soliditate
825 1212 900 1277 fidei
921 1221 1061 1292 nostrae,
1083 1211 1232 1296 quatinus
1255 1207 1431 1275 introducti

311 1296 363 1362 vel
390 1297 582 1364 testimoniis
611 1297 842 1382 scripturarum
869 1295 922 1360 vel
943 1295 1084 1360 historiis
1106 1316 1212 1359 rerum
1236 1293 1431 1358 declinemus

312 1381 354 1445 ad
379 1391 505 1467 partem
536 1382 587 1444 sui
609 1381 758 1465 Gregorii
780 1401 895 1466 papae,
928 1401 1002 1444 cum
1027 1381 1055 1444 is
1078 1388 1164 1444 certe
1186 1379 1332 1464 utrisque
1353 1376 1431 1442 abu-

312 1474 408 1545 tatur,
429 1465 582 1529 vertendo
604 1462 684 1528 falsa
705 1465 977 1550 interpretatione,
1003 1485 1068 1528 non
1089 1485 1166 1528 vera
1186 1463 1319 1527 ratione.
1365 1459 1432 1525 Sed

312 1547 390 1612 nulli
425 1548 539 1612 horum
573 1548 733 1613 credimus
769 1548 930 1614 mediante
960 1550 1042 1630 Deo,
1079 1547 1189 1634 quales
1225 1545 1431 1610 antichristos

153 1647 302 1702 1.10h.2,18.
313 1631 397 1698 dixit
417 1632 576 1697 Iohannes
605 1632 769 1720 apostolus
792 1632 910 1698 multos
938 1653 1025 1696 nunc
1050 1653 1120 1696 esse
1146 1632 1179 1695 in
1201 1629 1333 1712 mundo,
1356 1629 1433 1716 quia

312 1714 430 1780 Paulus
458 1715 632 1801 apostolus,
662 1739 842 1803 perquem
870 1717 1012 1804 loquitur
1041 1715 1199 1793 Christus,
1231 1713 1308 1779 dicit
1334 1723 1366 1779 et
1397 1712 1432 1778 id

189 1817 240 1871 sn,
252 1821 272 1872 1,
280 1820 301 1861 s.
311 1799 453 1865 secundo
475 1802 603 1886 repetit:
630 1801 721 1866 Licet
742 1824 802 1865 nos
825 1811 884 1866 aut
909 1802 1047 1888 anpelus
1070 1802 1110 1865 de
1129 1799 1218 1864 caelo
1234 1797 1432 1885 eucnpeliret

311 1885 654 2032 oobisEpraeterquant
683 1886 770 1971 quod
798 1886 1098 1971 euanpelizauirnus
1127 1885 1227 1965 uobis,
1255 1883 1431 1947 anathema

311 1971 363 2034 sit.
426 1992 449 2032 x
471 1970 567 2034 huius
590 1978 676 2034 certe
698 1969 911 2035 anathematis
934 1968 1062 2034 vinculo
1084 1989 1179 2033 nemo
1201 1966 1283 2031 liber
1312 1967 1432 2047 existit,

310 2053 374 2116 nisi
407 2075 502 2140 quem
535 2053 641 2118 nullus
668 2075 757 2118 error
785 2052 932 2134 involvit,
960 2075 998 2116 ac
1028 2052 1160 2138 perinde
1193 2053 1275 2116 sicut
1302 2059 1431 2114 sanctus

310 2136 378 2200 Leo
411 2158 497 2222 papa
530 2137 678 2201 seribiffl:
714 2151 746 2204 Si
774 2169 862 2204 omncs
891 2153 1041 2204 sacerdotes
1070 2157 1094 2202 et
1121 2151 1238 2202 nundus
1268 2149 1429 2201 sarculetur

310 2227 454 2290 damnatis,
486 2227 623 2278 damnatio
652 2225 839 2278 consentientes
861 2223 981 2289 inuoluit,
1009 2242 1065 2276 non
1083 2222 1344 2291 praeuaricationem
1369 2239 1430 2274 con·

312 2325 404 2360 susus
425 2307 543 2361 absoluit.
584 2291 651 2358 Sub
674 2293 888 2358 damnationis
911 2292 1041 2378 quidem
1064 2293 1221 2357 sententia
1234 2301 1318 2372 sunt,
1342 2299 1432 2376 quot·

311 2383 390 2461 quot
426 2375 593 2461 euangelio
633 2399 696 2442 non
737 2375 905 2460 obediunt,
943 2385 1101 2463 quotquot
1132 2377 1196 2441 Dei
1239 2376 1432 2440 ordinationi

310 2460 473 2541 resistunt,
502 2472 660 2610 quotqqot
679 2463 713 2524 in
734 2461 856 2527 unitate
882 2461 1037 2526 ecclesiae
1058 2481 1123 2525 non
1149 2471 1233 2542 sunt,
1264 2461 1429 2547 quoniam:

174 2559 300 2613 senisu.
318 2543 393 2607 Una
408 2553 462 2624 est,
479 2544 582 2630 inquit
631 2547 766 2618 ominus,
784 2545 930 2610 columba
944 2568 1026 2627 ntea,
1040 2545 1190 2629 perfecta
1204 2568 1285 2626 ntea,
1303 2565 1369 2608 una
1383 2553 1432 2610 est

311 2625 391 2691 fides
407 2626 591 2711 christiana,
613 2652 695 2716 quae
710 2637 759 2694 est
774 2628 940 2694 catholica.
971 2627 1138 2694 Gathohca
1152 2639 1260 2694 autem
1275 2630 1432 2695 veraciter

312 2719 361 2776 est
382 2710 446 2793 illa,
477 2735 558 2798 quse
586 2713 628 2778 ab
657 2715 800 2778 omnium
822 2713 1019 2798 perfidorum
1040 2721 1137 2798 atque
1159 2713 1201 2777 ab
1224 2734 1335 2778 eorum
1358 2736 1429 2779 suc·

312 2796 512 2860 sessoribusa
524 2799 725 2864 consortibus
737 2797 870 2878 sincera,
882 2818 973 2882 pura,
987 2796 1194 2861 immaculate
1205 2799 1431 2863 communione

311 2889 361 2944 cst
391 2879 504 2950 divisa.
549 2881 615 2947 Sed
643 2881 696 2947 ille
726 2881 781 2966 qui
810 2881 921 2946 scribit
948 2889 980 2945 et
1008 2881 1208 2964 testificatur,
1230 2904 1264 2946 se
1285 2882 1320 2945 in
1340 2891 1431 2967 parte

311 2965 361 3026 sui
384 2963 533 3046 Gregorii
561 2987 631 3028 esse
658 2974 690 3030 et
718 2973 843 3050 partem
870 2965 973 3050 ipsius
995 2963 1178 3046 defendere,
1203 2963 1266 3047 ille,
1289 2967 1430 3052 inquam,

311 3045 394 3128 talis,
411 3069 485 3110 cum
497 3049 539 3111 sit
553 3057 645 3113 extra
656 3048 857 3130 catholicam,
873 3047 935 3112 hoc
950 3056 998 3112 est
1012 3049 1236 3131 universalem,
1251 3049 1431 3133 ecclesiam,

311 3130 433 3212 scribit,
456 3153 476 3194 a
500 3133 544 3196 ud
565 3153 635 3215 nos,
681 3133 714 3196 ui
735 3130 884 3196 nolumus
905 3133 1081 3218 participes
1104 3155 1173 3198 esse
1195 3135 1334 3219 partium
1360 3155 1432 3198 sua-

311 3235 392 3297 rum,
415 3153 498 3279 nihil
508 3213 615 3280 valere
637 3154 781 3302 nihilque
803 3215 896 3282 nobis
918 3217 1075 3302 proficere
1094 3228 1294 3284 sacramenta
1309 3217 1431 3282 Ghristi

312 3306 345 3362 et
366 3297 531 3382 ecclesiae,
582 3321 641 3366 uae
664 3311 738 3366 sunt
764 3301 926 3387 baptisma
953 3311 985 3366 et
1008 3301 1147 3366 chrisma
1167 3311 1265 3389 atque
1287 3303 1431 3388 corporis

311 3390 343 3447 et
364 3385 530 3468 sanguinis
588 3386 686 3448 omini
708 3386 870 3470 mysteria,
894 3395 925 3448 et
946 3385 988 3448 ad
1009 3385 1194 3471 augendum
1217 3385 1310 3450 nobis
1332 3395 1431 3452 terro·

311 3489 379 3532 rem
400 3468 574 3534 introducit
588 3479 698 3534 contra
713 3491 770 3533 nos
784 3469 1000 3534 testimonium
1023 3472 1125 3535 sancti
1139 3471 1322 3554 Augustini,
1367 3471 1432 3536 uod

311 3571 381 3632 nos,
410 3553 466 3637 qui
488 3553 650 3618 credimus
672 3561 705 3616 et
726 3552 918 3618 confitemur
939 3563 1085 3618 sanctam
1107 3553 1276 3620 ecclesiam
1299 3491 1431 3621 calholi-

312 3655 392 3716 cam,
415 3646 599 3701 sanctorum
617 3637 884 3719 communionem,
907 3637 1128 3703 remissionem
1143 3647 1361 3725 peccatorum,
1383 3661 1431 3704 re-

310 3727 498 3804 torquemus
520 3743 537 3784 e
560 3721 687 3786 diverso
707 3720 742 3783 in
763 3742 828 3802 eos,
852 3723 908 3806 qui
929 3720 1166 3806 amplectuntur
1188 3745 1257 3788 esse
1283 3725 1317 3786 in
1339 3735 1431 3822 parte

311 3802 361 3866 sui
377 3801 535 3888 Gregorii.
567 3803 790 3890 Augustinus²
812 3806 846 3868 in
861 3827 1007 3871 sermone
1023 3807 1063 3872 de
1078 3806 1278 3892 blasphemia
1290 3806 1431 3894 Sprritus

311 3888 428 3951 sancti:
452 3901 483 3954 Si
501 3921 666 3970 quemqnam,
686 3889 743 3968 ait,
762 3912 838 3957 entra
851 3905 985 3958 ecclesiam
997 3923 1106 3956 suornm
1114 3905 1251 3971 poeniteat
1259 3915 1431 3972 pcccatorum

310 3983 336 4028 et
347 3977 428 4028 buius
447 3979 516 4030 tauri
528 3977 643 4043 peccati,
662 3973 923 4044 quadratianus
942 3979 976 4030 ab
989 3979 1099 4032 ecclesia
1112 3977 1173 4043 Dei,
1193 3996 1238 4032 cor
1256 3979 1429 4046 impoenitens

309 4159 334 4213 a)
350 4171 507 4203 successorum
524 4160 656 4203 consortio?
745 4161 770 4215 b)
787 4173 833 4212 quo
850 4162 905 4212 Aur.

312 4323 339 4384 1)
358 4322 461 4374 Locum
481 4323 551 4374 hunc
570 4339 623 4376 uon
642 4326 741 4377 inveni.
817 4322 846 4387 2)
866 4323 1008 4390 Augustini
1028 4323 1118 4390 Opera
1138 4323 1171 4386 V,
1191 4339 1218 4390 p.
1240 4322 1302 4375 398.
