3114 4814
311 383 344 432 70
492 385 543 436 DE
563 385 722 436 UNITATE
743 385 947 436 rochester:
968 384 1243 436 CONSERVANDA.

308 551 381 616 dem
402 553 514 616 castris
536 552 706 638 Egberdus
728 551 871 617 marchio
898 563 930 618 et
950 551 1009 616 filii
1030 551 1094 616 duo
1118 551 1248 616 Ottonis
1270 554 1430 620 Bavariae

308 637 469 722 quondam
491 637 593 720 ducis,
616 636 726 724 quales
748 637 826 702 dicit
847 637 1007 701 Dominus
1034 659 1093 722 per
1113 636 1268 701 Hesaiam
1291 637 1428 724 prophe·

193 730 372 785 raas-tam
393 719 579 806 praevalere
600 731 732 807 propter
752 731 887 807 peccata
907 719 1117 806 populorum:
1139 721 1246 803 Dabo,
1268 722 1428 808 inquiens,

303 828 426 890 pueros
471 807 616 892 riacipes
638 829 756 871 eorum.
801 805 953 870 Ceterum
975 806 1065 870 curia
1092 805 1161 869 sive
1205 805 1336 870 alatium
1358 816 1427 872 erat

306 889 393 974 apud
414 829 610 976 Hia’rtvigum
637 889 761 954 dictum
788 889 1098 974 Magadaburgensis
1127 828 1282 955 ecclcsiae
1303 891 1426 977 episco-

329 995 394 1055 um,
416 974 485 1038 sive
506 976 594 1060 apud
616 973 817 1038 Burcardum
839 973 1137 1040 Helberstetensem
1159 975 1356 1062 episcopum,
1378 985 1424 1055 ut,

305 995 383 1121 dum
405 1059 551 1144 episcopi
565 1059 761 1124 transferunt
775 1057 917 1122 studium
938 1068 1034 1146 atque
1050 1057 1251 1144 disciplinam
1268 1059 1424 1124 ecclesiae

305 1141 348 1206 ad
374 1143 506 1225 curiam,
536 1165 618 1229 quae
644 1142 762 1207 dicitur
789 1165 810 1206 a
838 1163 960 1226 cruore,
988 1143 1218 1228 praedicantes,
1249 1142 1369 1208 bonum
1391 1155 1423 1209 et

304 1227 424 1290 iustum
451 1249 521 1292 esse
547 1226 669 1312 praelia
699 1237 730 1291 et
758 1227 932 1292 seditiones
961 1227 1030 1291 fieri
1058 1249 1116 1312 pro
1145 1249 1204 1291 sua
1230 1236 1330 1312 parte,
1356 1249 1423 1294 non

225 1320 474 1376 converantur
493 1311 566 1375 laici
587 1320 619 1376 et
639 1311 703 1396 ipsi
718 1310 860 1376 crudelia
881 1333 986 1395 agere.
1020 1310 1113 1385 Nam,
1132 1312 1239 1376 iuncto
1255 1311 1420 1378 Saxonum

304 1403 336 1460 et
350 1393 589 1479 Thuringorum
610 1407 707 1482 atque
724 1393 903 1460 Suevorum
923 1396 1061 1478 agmine,
1084 1407 1262 1480 pugnatum
1278 1406 1326 1461 est
1346 1405 1422 1460 tunc

303 1479 337 1542 in
365 1479 511 1543 orientali
532 1480 671 1544 Francia
697 1488 808 1544 contra
836 1480 1061 1564 imperatorem
1084 1479 1285 1545 Henrichum
1310 1481 1422 1567 quinta

303 1563 368 1627 iam
390 1563 498 1646 vioe13
522 1562 562 1628 de
585 1585 649 1650 qua
671 1562 794 1629 scilieet
814 1585 927 1650 pugna
947 1563 981 1626 in
1003 1564 1212 1663 sequentibus
1238 1564 1345 1630 dicere
1367 1565 1421 1630 de-

304 1647 478 1730 crevimus,
513 1647 641 1736 quando
676 1647 716 1712 de
750 1646 912 1712 Alberone
946 1646 1232 1733 Wirtzrburgensis
1268 1647 1420 1714 ecclesiae

303 1731 455 1817 episcopo
477 1754 559 1818 quae
581 1732 744 1817 adipsum
782 1755 888 1819 uoque
903 1733 1065 1816 pertinent
1078 1733 1308 1816 enarrabimus,
1330 1734 1421 1798 cuius

302 1817 475 1901 praecipue
503 1839 601 1883 eausa
628 1827 705 1882 tunc
733 1755 852 1880 edesus
880 1826 929 1880 est
954 1818 1085 1901 sanguis
1113 1815 1286 1881 multorum
1307 1817 1341 1880 in
1362 1819 1421 1881 cir-

303 1901 391 1964 cuitu
419 1899 504 1964 illius
534 1903 682 1979 civitatis,
713 1903 768 1987 qui
795 1899 917 1964 scilicet
945 1902 1076 1985 sanguis
1103 1902 1282 1964 occisorum
1304 1901 1421 1966 elamat

138 2001 292 2056 caessara
323 1985 538 2050 uodammodo
576 1986 619 2050 ad
656 1986 834 2049 Dominum
875 2005 936 2071 pro
972 1986 1114 2048 vindicta
1156 1987 1237 2049 tanti
1281 1985 1418 2051 sceleris.

226 2006 476 2155 ioveduperiore
506 2070 602 2134 etiam
634 2079 778 2156 tempore
809 2077 1023 2154 temptaverat
1053 2068 1139 2132 idem
1169 2067 1332 2134 Adalbcro
1366 2093 1420 2134 ex-

300 2175 445 2239 pugnare
477 2154 699 2239 episcopatum
730 2175 834 2234 suum,
867 2175 964 2239 quem
996 2153 1057 2218 sub
1086 2175 1164 2238 rege
1197 2175 1254 2217 suo
1282 2153 1419 2218 Rudolfo

299 2239 443 2322 recipere
465 2238 616 2322 cupiebat
638 2245 748 2302 contra
769 2259 878 2322 regem
893 2236 1104 2318 Henrichum,
1125 2237 1285 2322 ideoque²
1308 2261 1421 2303 secun-

301 2321 379 2385 dum
410 2321 474 2385 iam
507 2320 666 2405 praelium
702 2332 797 2386 atrox
831 2322 926 2384 nimie
963 2330 995 2386 et
1031 2319 1158 2386 crudele
1193 2331 1421 2407 pugnaverunt

301 2406 448 2470 Saxones
470 2414 582 2469 contra
604 2405 742 2470 eundem
763 2428 873 2490 regem
887 2404 1088 2470 Henrichum
1110 2406 1144 2468 in
1160 2405 1307 2471 orientali
1322 2407 1420 2470 Fran-

300 2491 381 2572 ciass,
409 2511 493 2554 anno
521 2489 642 2554 scilicet
664 2490 756 2554 1078.
779 2490 820 2555 ab
842 2490 1060 2554 incarnatione
1082 2490 1225 2570 Domini,
1249 2490 1277 2556 7.
1300 2492 1419 2556 mensis

298 2571 449 2660 Augusti,
470 2572 528 2638 ubi
548 2573 705 2639 Rudoliirs
727 2597 786 2639 rex
807 2575 936 2658 fugatus
958 2583 1006 2638 est
1028 2585 1060 2640 et
1082 2573 1263 2660 Sigefridus
1285 2575 1422 2660 Mogun-

298 2660 385 2724 tinae
417 2657 571 2724 ecclesiae
603 2658 861 2744 archiepiscopus
893 2661 927 2722 in
959 2657 1037 2744 fuga
1069 2669 1183 2741 captus
1220 2669 1253 2724 et
1287 2661 1344 2722 vix
1379 2659 1419 2724 de

300 2743 473 2828 suspendio
500 2741 654 2809 liberatus
675 2754 773 2829 atque
802 2743 953 2806 dimissus
975 2753 1032 2806 est.
1077 2741 1263 2808 Wezelinus
1290 2766 1353 2830 quo
1379 2765 1419 2808 ue

299 2827 644 2912 Parthenopolitanae,
655 2827 717 2892 hoc
740 2836 789 2892 est
802 2826 1123 2912 Magadaburgensis,
1146 2827 1302 2891 ecclesiae
1318 2766 1421 2893 ardri-

300 2911 526 2998 episcopusin
548 2911 625 2997 fuga
647 2913 773 2976 occisus
790 2919 848 2994 est,
870 2911 1123 2976 etWerinherus
1145 2910 1420 2997 Merseburgensis

300 2994 456 3060 ecclesiae
495 2997 667 3081 episcopus
707 3005 843 3058 mortem
878 2997 935 3059 vix
971 2994 1111 3060 evadens
1147 2995 1252 3060 nudus
1289 2999 1420 3062 omniuo

300 3079 450 3143 dimissus
472 3089 531 3160 est,
556 3090 588 3145 et
608 3077 810 3144 Adalberdus
833 3081 1084 3146 Wormaciensis
1114 3078 1269 3145 ecclesiae
1297 3083 1420 3166 episco-

300 3185 362 3248 pus
383 3173 496 3248 captus
519 3173 567 3229 est
588 3172 620 3227 et
640 3165 712 3248 regi
733 3162 897 3228 Henricho
921 3162 1056 3242 oblatus,
1079 3163 1174 3228 simul
1198 3164 1421 3236 etHeriman·

300 3269 361 3312 nus
386 3248 498 3332 Magni
527 3249 618 3312 ducis
648 3258 792 3333 patruus,
822 3271 906 3312 unus
934 3247 1057 3312 scilicet
1086 3248 1126 3312 de
1148 3249 1252 3334 princi
1277 3248 1359 3331 ibus,
1386 3251 1420 3312 in

301 3332 419 3418 quibus
433 3353 498 3398 non
513 3342 561 3398 est
576 3331 662 3398 salus
672 3341 696 3394 ⁴.
725 3333 845 3418 Igitur:
868 3335 1003 3397 Pactum
1018 3356 1132 3414 meum,
1156 3331 1234 3397 dicit
1248 3271 1419 3416 Aemines,

303 3508 330 3571 1)
348 3507 429 3572 Apud
446 3507 598 3558 Pleichfeld
617 3505 743 3572 a.1086;
763 3507 798 3558 cf.
816 3506 865 3556 lib.
884 3507 906 3570 I,
927 3523 951 3557 c.
968 3507 995 3570 3,
1014 3507 1060 3556 ubi
1081 3507 1187 3570 dicitur,
1206 3509 1352 3559 Henricum
1372 3524 1421 3559 sex

299 3579 411 3647 proeliis
430 3595 490 3630 cum
509 3580 629 3632 hostibus
650 3582 811 3632 conflixisse.
850 3579 891 3631 Of.
911 3579 959 3632 lib.
979 3580 1018 3642 II,
1045 3597 1068 3632 c.
1089 3581 1133 3632 28.
1219 3579 1248 3647 2)
1268 3581 1345 3632 Haec
1364 3597 1419 3632 non

300 3659 341 3702 est
359 3668 425 3703 vere
444 3669 526 3705 causa
544 3653 649 3720 proelii,
668 3653 716 3706 sed
735 3653 791 3716 illa,
811 3669 891 3720 quam
912 3658 939 3704 et
957 3653 1120 3706 Bertholdus
1140 3661 1167 3705 et
1185 3656 1275 3705 Bruno
1295 3653 1416 3706 afferunt.
1439 3717 1441 3722 ‚

299 3727 422 3792 Namque
441 3726 624 3790 (Bartholdue,
645 3727 692 3778 SS.
706 3727 740 3790 V,
759 3726 823 3790 312)
852 3725 935 3778 duces
954 3727 1087 3792 praedicti
1113 3726 1187 3795 (soil.
1207 3726 1370 3778 Bettholdus
1391 3733 1420 3778 et

299 3799 402 3863 Welfo)
429 3815 488 3850 cum
513 3800 689 3851 Alamanniae
718 3799 814 3850 militia
836 3802 895 3866 regi
919 3800 1035 3852 Rudolfo
1062 3801 1095 3851 de
1123 3801 1242 3866 Saxonis
1267 3799 1420 3866 egredienti

299 3889 440 3925 occurrere
467 3872 661 3924 deliberabant.
700 3873 754 3925 Sed
778 3874 830 3924 hoc
855 3875 962 3925 omnino
987 3891 1034 3924 rex
1058 3876 1192 3926 Henricus
1219 3891 1280 3926 cum
1299 3877 1417 3926 maximo

298 3949 418 3998 exercitu
429 3948 619 4010 interveniens,
639 3963 672 3997 ne
686 3946 744 3997 fieri
759 3953 858 4016 posset,
877 3949 1052 4013 impediebat.
1079 3947 1203 3999 Eandem
1218 3965 1326 4001 causam
1340 3949 1418 4000 affert

299 4023 389 4072 Bruno
409 4019 511 4087 (SS.V,
527 4038 553 4087 p.
565 4021 627 4073 367.
641 4020 717 4085 368).
774 4018 804 4085 3)
824 4020 904 4087 Apud
920 4021 1120 4072 Mellrichstadt
1132 4037 1158 4072 a.
1174 4022 1254 4076 1078.
1310 4020 1340 4090 4)
1359 4023 1418 4075 Hos

299 4111 392 4147 omnes
411 4097 561 4162 episcopos,
580 4111 646 4160 quoe
661 4094 1032 4158 commemoratWaltremus,
1051 4095 1161 4160 fugisse,
1180 4111 1214 4146 ne
1227 4097 1318 4148 Bruno
1336 4095 1366 4164 (1.
1380 4093 1419 4163 c.)

300 4168 409 4236 quidem
433 4174 525 4235 negat.
562 4169 617 4220 Sed
641 4184 732 4219 omnes
759 4169 806 4218 alii
824 4169 968 4234 scriptores
987 4173 1096 4234 praeter
1113 4167 1292 4221 Waltramum
1311 4169 1345 4220 de
1364 4167 1417 4220 hac

300 4259 328 4292 re
347 4243 417 4293 inter
435 4259 464 4294 se
484 4243 662 4302 consentiunt,
681 4243 828 4292 Henricum
853 4241 900 4292 illo
921 4241 1023 4307 proelio
1044 4243 1145 4292 victum
1172 4257 1240 4294 esse.
1279 4243 1302 4292 Ε
1325 4242 1417 4294 verbis

300 4315 441 4365 waltrami
459 4315 526 4365 nihil
545 4315 619 4366 aliud
639 4315 731 4380 colligi
749 4321 846 4381 potest,
865 4316 918 4365 nisi
936 4315 1084 4365 Henricum
1104 4315 1203 4366 claram
1221 4317 1362 4372 victoriam
1381 4316 1416 4367 ab

300 4388 421 4438 hostibus
439 4394 598 4453 reportasse.
635 4389 731 4454 Itaque
758 4404 826 4453 quae
846 4387 964 4440 Henrico
989 4388 1059 4437 bene
1085 4395 1274 4454 processerunt
1299 4405 1415 4442 commo-

299 4465 385 4511 moret
403 4460 575 4522 Waltramus,
595 4477 664 4527 quae
683 4462 776 4527 gravia
795 4460 952 4511 acciderunt
970 4460 1078 4512 silentio
1097 4463 1235 4527 praeterit.
