3098 4818
275 355 311 402 44
578 350 699 400 BRUNO
718 350 767 400 DE
787 347 906 398 BELLO
926 346 1114 398 SAXONICO.

164 505 442 618 Ἶβξζξζίιιυονιηη,1
455 517 579 602 favore
590 516 740 602 ferram,
759 517 858 601 ferro
887 515 992 579 sedem
1018 515 1131 599 *pacis
1154 514 1273 594 adisti,
1302 524 1331 578 et
1356 515 1397 580 de

275 603 348 667 sede
357 623 458 687 pacis
467 623 586 685 pacem
600 601 749 682 turbasti,
765 601 843 664 dnm
854 599 997 664 sabditos
1013 600 1051 662 in
1060 597 1233 683 praelatos
1246 601 1396 679 armasti,

276 687 355 750 dnm
369 687 538 771 episcopos
551 693 691 765 nostros,
715 708 737 748 a
750 685 820 749 Deo
835 693 973 762 vocatos,
996 691 1042 763 tn,
1064 705 1130 746 non
1145 691 1288 762 vocatas,
1304 704 1394 766 sper-

276 770 400 834 nendos
422 768 584 849 docuisti,
595 770 673 833 dnm
694 767 792 832 laicis
812 768 1030 832 ministerium
1045 789 1156 830 eornm
1170 788 1270 850 snper
1287 789 1396 830 sacer-

276 855 364 918 dotes
385 854 570 998 usurpasti,
592 862 628 914 nt
642 853 711 936 ipsi
725 853 892 936 deponant
906 851 955 915 od
969 850 1179 914 condemnent
1187 859 1209 929 ³,
1233 852 1291 936 qai
1306 852 1396 934 ipsos

277 961 299 1000 a
328 959 432 1000 mana
498 937 600 999 omini
625 958 688 1019 per
715 936 954 1018 impositionem
981 957 1141 998 mannam
1169 935 1396 1018 episcoporum

277 1019 458 1084 docendosl
482 1029 681 1102 acceperant.
718 1019 771 1082 Me
792 1041 926 1104 qaoque,
949 1019 1007 1102 qni
1014 1028 1027 1060 ⁰
1047 1017 1120 1082 licet
1133 1019 1297 1103 indipnas
1309 1021 1397 1082 inter

277 1105 415 1176 christos
442 1103 489 1166 ad
509 1125 648 1188 repnam
674 1125 745 1166 snm
766 1111 884 1166 unctas
906 1103 1056 1186 tetipisti,
1088 1124 1181 1187 qnam
1207 1110 1396 1165 sanctornm

271 1196 410 1272 patrum
431 1185 568 1250 traditio
590 1186 651 1250 soli
664 1187 735 1250 Deo
749 1187 969 1250 iudicandum
987 1187 1107 1266 docuit,
1129 1208 1187 1248 nec
1203 1185 1397 1271 proaliquo

277 1272 424 1352 crimine,
451 1273 520 1334 nisi
542 1295 564 1333 a
576 1271 657 1352 fide,
685 1270 773 1355 qaod
795 1270 889 1346 absit,
911 1269 1209 1351 eaorbitaoerimnc,
1235 1270 1396 1353 deponen-

277 1355 356 1418 dnm
385 1357 541 1434 assernit,
574 1377 647 1418 cnm
675 1357 773 1418 etiarn
799 1353 971 1418 Indiannm
1001 1362 1187 1438 apostatam
1210 1353 1397 1436 prudentia

277 1447 465 1502 sanctornm
491 1439 718 1522 episcoporum
746 1461 813 1501 non
839 1436 904 1500 sibi
924 1437 981 1500 sed
1000 1437 1063 1501 soli
1083 1437 1153 1500 Deo
1175 1437 1396 1502 indicandam

279 1521 566 1605 deponendumque
581 1522 784 1586 commiserit.
820 1520 914 1605 Ipse‘l
936 1542 1031 1584 verns
1040 1543 1139 1604 papa
1153 1521 1264 1584 beatas
1280 1521 1398 1584 Petras

174 1627 194 1667 r.
212 1605 415 1669 raaclamat:
438 1604 555 1668 ‘Deam
577 1606 690 1684 timete,
712 1628 817 1690 repom
839 1605 1070 1686 honorificate!
1125 1606 1174 1668 Tu
1193 1615 1300 1668 antem
1336 1606 1397 1668 nia

193 1688 213 1739 ἓν
231 1687 384 1752 ¹²·Denm
413 1710 480 1752 non
509 1691 616 1767 times,
649 1712 697 1752 rne
727 1690 935 1752 constitutam
963 1690 1033 1755 eins
1061 1689 1254 1752 inhonoras.
1304 1628 1397 1752 tinae

277 1773 389 1836 beatus
411 1771 550 1851 Paulus,
580 1773 638 1836 abi
660 1773 775 1858 ampelo
804 1772 843 1836 de
869 1773 969 1850 coelo,
999 1775 1030 1836 si
1046 1773 1293 1856 praedicaverit
1314 1771 1395 1848 alia,

278 1878 344 1920 non
360 1858 519 1941 pepercit,
542 1865 569 1918 te
592 1879 715 1942 quoqne
736 1857 894 1920 interris
917 1853 987 1919 alia
1003 1856 1164 1920 docentem
1179 1878 1245 1919 non
1260 1858 1396 1938 eacepit.

215 1939 335 2004 eadit
362 1941 467 2004 enim:
512 1940 562 2004 ‘Si
593 1943 684 2024 quis,
713 1941 763 2004 rei
792 1962 865 2040 epo,
894 1938 943 2003 vel
974 1941 1071 2004 etiam
1101 1939 1239 2024 anpelus
1261 1962 1276 2001 e
1299 1937 1396 2020 coelo,

207 2025 227 2075 ¹⁹
245 2024 266 2065 8·
270 2032 407 2109 praeter
427 2023 466 2086 id
488 2023 575 2107 qnod
589 2047 676 2087 enon
700 2025 887 2088 ditaremus
904 2023 992 2088 cobis
1006 2023 1291 2123 enanpelizaoerit,
1314 2045 1397 2087 ana·

276 2109 383 2171 tiemo
404 2108 465 2170 sit'
517 2109 566 2171 Ta
588 2130 664 2193 erpo
676 2048 738 2172 doc
755 2109 955 2172 anathemate
971 2116 1000 2168 et
1014 2129 1158 2170 omniurn
1173 2109 1397 2190 episcoporum

277 2200 463 2256 nostrorum
483 2192 610 2256 indicio
632 2201 661 2254 et
681 2201 791 2255 nostro
813 2192 992 2255 damnatas
1008 2191 1172 2271 descende,
1194 2191 1398 2254 vindicatam

278 2276 383 2339 sedem
411 2274 625 2358 apostolicam
651 2274 817 2422 rdinlqnei
861 2273 957 2338 Alias
978 2277 1016 2338 in
1038 2275 1175 2339 solinm⁰
1201 2275 1286 2338 beati
1306 2275 1398 2338 Petri

279 2359 450 2436 ascendat,
480 2363 538 2442 qui
559 2357 655 2421 nnita
676 2361 728 2423 oio
743 2357 882 2423 entiamr
903 2358 1061 2444 reiipione
1082 2358 1210 2442 palliet,
1233 2359 1290 2422 sed
1311 2359 1398 2422 beati

277 2442 366 2506 Petri
386 2461 505 2504 sanam
526 2442 710 2506 doctrinam
732 2444 854 2508 doceat.
890 2442 963 2529 Epo
985 2445 1092 2507 enine
1114 2441 1315 2507 Heinricns¹¹
1337 2464 1398 2505 rere

277 2526 343 2588 Dei
378 2526 493 2610 pratia
528 2549 601 2588 cnm
631 2527 779 2590 omnibns
806 2529 970 2614 episcopis
999 2527 1122 2590 nostris
1149 2527 1209 2590 tibi
1239 2526 1397 2591 dicimus:

278 2608 454 2683 Descende,
476 2608 655 2674 descendo.
1080 2671 1083 2676 .

361 2692 412 2757 68.
456 2694 547 2774 Quae
575 2691 699 2758 litterae
726 2715 800 2758 cum
828 2695 945 2760 domno
977 2715 1083 2792 papae
1115 2693 1149 2756 in
1176 2691 1308 2758 basilica
1336 2693 1399 2756 La

277 2776 436 2842 teranensi
458 2787 587 2842 sanctae
602 2776 725 2862 synodo
740 2779 934 2863 praesidenti
948 2777 1082 2842 ftusseut
1095 2775 1218 2858 allatae,
1242 2787 1273 2841 et
1288 2797 1398 2841 coram

278 2882 292 2924 s
316 2859 400 2924 nodo
429 2859 537 2945 palam
563 2863 731 2944 recitatae,
759 2873 848 2927 tanta
876 2863 912 2926 fit
931 2863 966 2925 in
988 2861 1124 2926 ecclesia
1146 2861 1332 2942 commotio,
1361 2870 1400 2925 ut

277 2883 363 3008 idem
391 2942 515 3028 legatus
525 2956 545 3026 ¹,
573 2944 636 3007 nisi
667 2945 750 3010 inter
774 2945 944 3032 apostolici
975 2946 1076 3030 pedes
1102 2945 1320 3008 defensionem
1350 2945 1398 3008 in-

277 3028 431 3108 venisset,
465 3026 668 3092 membratim
700 3027 839 3094 laniatus
871 3030 1031 3094 interisset
1063 3025 1297 3093 miserabiliter.
1342 3027 1398 3094 Se·
1446 3081 1449 3084 -

278 3113 388 3196 quenti
408 3131 485 3175 vero
508 3110 561 3174 die
582 3111 718 3175 domnus
740 3135 827 3198 papa
842 3136 951 3178 coram
972 3115 1044 3198 ipsa
1067 3113 1193 3198 synodo
1212 3110 1397 3194 declaravit,

278 3195 424 3279 quotiens
446 3204 478 3259 et
499 3202 618 3280 quanta
632 3197 875 3262 mansuetudine
889 3220 997 3282 regem
1014 3197 1053 3262 de
1069 3199 1194 3283 magnis
1209 3195 1398 3262 criminibus

278 3279 493 3363 corripuisset,
516 3279 573 3342 utk
595 3278 763 3365 episcopos
786 3303 806 3344 a
827 3283 1012 3381 captivitate
1034 3280 1172 3346 solveret
1193 3287 1312 3367 quanta
1327 3302 1397 3344 sua-

277 3363 376 3426 vitate
390 3373 544 3447 rogasset,
565 3362 742 3447 apostolica
757 3375 944 3430 auctoritate
959 3367 1119 3446 iussisset3
1141 3375 1172 3430 et
1190 3386 1248 3450 prc
1287 3374 1398 3428 aterna

277 3445 447 3512 dulcedine
459 3455 611 3532 quantam
623 3447 792 3532 superbiae
803 3449 1047 3514 amaritudinem
1058 3450 1242 3534 recepisset.
1303 3447 1398 3512 einde

279 3531 403 3594 cunctis
424 3530 676 3596 acclamantibus
705 3553 746 3596 ne
774 3533 846 3596 talis
874 3531 1067 3598 contumelia
1088 3542 1267 3597 remaneret
1287 3531 1397 3614 inulta,

279 3616 422 3677 omnium
453 3614 585 3678 consilio
619 3623 651 3679 et
678 3637 837 3680 consensu
866 3616 1070 3680 Heinrioum¹
1103 3615 1250 3701 synodali
1278 3615 1398 3680 iudicio

279 3696 451 3780 damnavit,
473 3699 622 3784 regisque
643 3700 773 3763 nomine
795 3699 967 3764 ethonore
993 3701 1156 3785 privatum
1184 3699 1398 3764 anathematis

278 3780 386 3866 gladio
407 3783 580 3866 percussit,
609 3780 794 3868 litterasque
815 3784 849 3846 in
870 3806 1006 3869 reguum
1027 3785 1279 3850 Teutonicorum
1300 3783 1399 3865 misit,

279 3887 415 3952 quarum
437 3863 489 3930 hic
512 3864 679 3949 exemplar
700 3888 881 3951 supponere
902 3867 1036 3953 placuit:

279 3990 302 4043 a)
319 3993 486 4041 contempnent
501 4001 559 4039 quos
575 3992 620 4041 ipsi
634 3991 661 4040 2;
676 3992 701 4030 tn
718 3993 729 4030 1
746 3993 887 4042 supplendum
903 3999 932 4032 est
945 4004 991 4034 eos.
1038 3991 1061 4043 b)
1078 3994 1247 4044 episcopalium
1263 3991 1362 4032 docendi
1379 3992 1400 4033 2.

279 4049 300 4102 c)
316 4052 372 4090 deest
395 4052 415 4091 1.
476 4047 569 4100 d)11rsa
591 4060 682 4099 quoqne
704 4052 726 4091 2.
787 4050 809 4102 e)
826 4053 904 4092 sedem
926 4054 947 4093 2.
1008 4051 1159 4104 ovioienoia
1181 4054 1201 4091 1.
1261 4049 1285 4102 g)
1301 4052 1356 4090 deest
1378 4051 1399 4092 2.

278 4107 302 4160 h)
319 4111 346 4150 N.
364 4111 384 4151 1.
463 4107 480 4158 l)
497 4109 560 4148 editio
582 4109 672 4149 Freteri
692 4111 762 4149 adero
783 4112 842 4150 addit
863 4123 888 4150 ea
903 4111 1023 4152 Leimonnt
1046 4112 1124 4154 ebron.
1148 4109 1253 4159 Spirensi,
1277 4120 1332 4160 quas
1352 4109 1398 4148 iam

277 4179 348 4218 snpra
367 4180 386 4208 e.
409 4167 445 4208 65.
461 4169 596 4217 nodantur:
624 4167 767 4218 Subscriptio
789 4171 950 4219 episcopcrum
972 4171 1125 4219 singulorum.
1157 4171 1207 4217 Ego
1228 4170 1257 4209 N.
1277 4190 1302 4199 -
1320 4167 1398 4208 Hilde-

278 4227 361 4268 brandi
376 4227 526 4268 sectationem
541 4231 564 4268 et
581 4251 607 4259 -
622 4229 718 4268 vocabo.
778 4227 802 4279 k)
820 4233 890 4278 utque
907 4231 927 4269 2.
989 4228 1006 4280 i)
1022 4230 1051 4269 Η.
1070 4231 1089 4271 1.

194 4347 206 4374 ⁰
281 4339 596 4407 immundissimam
615 4341 778 4405 Parmensis,
797 4359 858 4393 moa
877 4341 1015 4408 episcopas
1040 4339 1226 4394 Tarsisiensis.
1271 4340 1307 4394 W.
