3114 4814
326 331 378 381 Dr:
397 329 556 381 UNITATE
576 327 782 381 acchaeus
803 328 1081 381 CONSERVANDA.
1213 327 1277 378 11⁶0

144 498 332 564 homicidos
355 497 459 562 bonae
480 497 669 578 volontatis,
693 518 731 561 ea
755 496 877 584 quippe
899 506 965 562 tam
980 497 1096 562 festiva
1118 494 1279 562 solemni--

142 591 209 648 tate
240 579 430 666 angelorum
463 589 561 667 atque
593 579 759 644 hominum
790 580 895 646 factus
926 589 975 646 est
1006 579 1111 646 luctus
1143 582 1267 665 ingens,

82 701 87 708 ·
143 687 272 730 moeror
300 674 398 758 atque
426 665 557 729 tristitia
584 675 617 730 et
644 664 759 729 effusio
784 664 917 728 humani
939 665 1114 750 sanguinis.
1157 664 1267 729 Primo

10 789 12 802 ι
96 757 99 763 “
145 750 276 838 quidem
298 749 422 834 impetu
442 749 575 833 fugatus
597 758 645 812 est
666 748 809 813 marchio
821 761 842 831 ¹,
871 747 928 813 scd
950 757 1128 814 restaurato
1153 748 1268 813 deinde

167 833 277 916 raclio,
305 833 409 898 victor
436 833 542 897 victus
570 841 619 897 est
644 835 820 932 imperator
841 831 951 898 divino
974 832 1115 918 quodam
1136 833 1268 900 iudicio.

177 940 230 982 am
253 940 271 982 e
295 918 426 1002 iscopos
449 917 622 998 saxoniae,
650 917 835 1004 qu11udrce
865 917 1001 982 ecclesia
1030 926 1105 981 aunt
1126 916 1268 981 damnati

66 1037 71 1048 ·
144 1024 209 1068 non
239 939 343 1066 solum
369 1005 403 1065 in
433 1002 692 1066 communionem
718 1010 894 1102 receperat,
924 1002 981 1066 sed
1008 1011 1040 1066 et
1062 1002 1171 1086 episco
1196 1013 1275 1065 atus

144 1108 231 1166 suos,
252 1085 340 1151 unde
361 1085 488 1149 fuerant
509 1085 657 1171 depositi,
680 1085 816 1232 εἰηῖιὼε
838 1085 962 1232 εὼεἮιο
980 1085 1100 1150 iudicio
1115 1023 1270 1150 ecciesiae

763 1179 847 1234 ostes
881 1168 907 1235 Ο

146 1253 302 1318 ecclesiae
322 1264 514 1352 perm1serat
536 1263 711 1340 imperator
731 1254 771 1318 de
791 1251 928 1318 ecclesia
943 1252 1140 1338 triumphare
1150 1263 1171 1335 ²,
1194 1273 1270 1316 con-

146 1339 245 1402 cessit
266 1338 410 1402 vicrssim
442 1337 589 1402 Christus
611 1339 779 1402 victoriam
807 1337 953 1404 hostibus
980 1337 1027 1402 rei
1048 1335 1209 1422 publicae,
1237 1346 1270 1402 et

144 1421 207 1486 hoc
227 1443 286 1507 pro
301 1421 472 1506 disciplina
493 1423 596 1506 magis
619 1421 794 1486 electorum
816 1443 947 1486 suorum
970 1441 1066 1506 quam
1087 1443 1146 1506 pro
1166 1420 1278 1506 gloria-

145 1527 257 1571 eorum
292 1507 349 1591 qui
381 1505 423 1569 ad
461 1505 625 1570 cumulum
655 1505 846 1592 perditionis
879 1525 956 1570 suae
988 1503 1171 1590 polluerunt
1202 1514 1268 1569 tam

145 1588 330 1654 crudelibus
360 1588 455 1654 factis
485 1589 570 1654 diem
598 1593 718 1675 pariter
745 1590 944 1654 dominicum
973 1599 1071 1674 atque
1092 1589 1277 1654 nativitatis·

144 1673 327 1740 dominicae
351 1684 586 1739 sacramentum
597 1686 620 1739 ³.
657 1674 770 1759 Neque
792 1675 879 1738 enim
901 1673 957 1738 diu
980 1674 1066 1738 circa
1087 1671 1270 1756 Egbertum

144 1758 364 1822 marchionem
387 1757 465 1823 ultio
488 1757 598 1822 divina
625 1759 773 1839 cessavit,
802 1758 965 1844 quoniam,
992 1779 1065 1820 cum
1087 1760 1158 1842 ipse
1180 1757 1270 1822 Hen-

143 1843 234 1906 richo
263 1840 356 1906 alteri
385 1842 552 1906 Saxonum
583 1842 763 1906 marchioni
795 1864 886 1906 arma
916 1840 1094 1924 intulisset,
1122 1839 1269 1926 plurimis

145 1947 277 1990 suorum
304 1927 431 1990 amissis
460 1927 567 1990 victus
597 1925 637 1991 de
664 1925 784 2011 praelio
814 1925 953 2010 aufugit,
982 1946 1021 1989 ac
1049 1924 1166 1990 deinde
1194 1947 1268 1988 cum

145 2009 283 2074 fuissent
304 2031 419 2074 manus
442 2011 585 2074 omnium
608 2010 791 2096 principum
815 2010 978 2075 Saxoniae
1001 2019 1113 2074 contra
1134 2030 1208 2073 eum
1237 2018 1270 2074 et

145 2115 260 2158 manus
290 2095 360 2158 eius
390 2104 502 2158 contra
531 2116 659 2176 omnes,
690 2104 853 2180 postremo
885 2092 1111 2158 miserabiliter
1144 2092 1270 2156 occisus

146 2187 205 2260 est,
234 2177 382 2264 proditus
413 2180 447 2243 in
481 2178 621 2264 quodam
651 2181 796 2264 tugurio,
825 2187 861 2242 ut
887 2199 953 2242 non
981 2177 1087 2242 dicam
1114 2177 1148 2240 id
1182 2175 1270 2262 quod

145 2262 254 2327 verius
288 2273 351 2344 est,
383 2265 417 2326 in
447 2262 670 2345 molendino⁴;
702 2264 813 2350 sicque
844 2263 953 2346 regiae
985 2259 1162 2326 nobilitatis
1194 2260 1270 2325 ado-

145 2345 270 2412 lescens
302 2345 420 2412 bellum
449 2349 702 2430 consummavit,
731 2369 795 2434 quo
824 2368 961 2433 regnum
993 2346 1055 2412 sibi
1082 2365 1271 2432 expugnare

146 2430 314 2517 quaesivit.

231 2516 284 2580 36.
326 2516 442 2578 Annus
478 2525 556 2579 tunc
586 2525 656 2580 erat
690 2515 733 2579 ab
766 2516 986 2579 incarnatione
1015 2513 1149 2577 Domini
1178 2513 1271 2596 1090,

147 2599 277 2684 quando
307 2598 432 2662 occisus
459 2608 509 2663 est
536 2599 740 2684 supradictus
763 2597 905 2662 marchio
928 2596 1101 2683 Egbertus.
1144 2597 1270 2662 Eodem

146 2683 244 2747 etiam
266 2704 350 2747 anno
367 2681 537 2747 defunctus
559 2694 608 2747 est
621 2682 812 2746 Liudolfus⁸
834 2681 900 2746 dux
917 2680 1174 2762 Carentinorum,
1197 2703 1271 2745 cum

146 2775 179 2832 et
207 2766 278 2850 ipse
305 2775 472 2852 appeteret
496 2778 652 2853 regnum⁵
680 2776 791 2830 contra
811 2767 1037 2852 imperatorem
1059 2763 1270 2848 Hemichum,

145 2859 244 2935 atque
272 2849 411 2933 Bertolt,
437 2849 523 2914 filius
551 2850 681 2914 Rudolfi
709 2851 795 2935 regis
828 2849 991 2937 quondam
1022 2848 1204 2930 Saxonum,
1236 2850 1271 2912 in

144 2934 217 3019 ipso
239 2935 416 2999 iuventutis
438 2957 516 2999 suae
530 2933 609 2998 flore
624 2934 794 2999 defunctus
810 2945 867 3016 est,
889 2944 922 2998 et
935 2934 1014 3019 Hug
1027 2934 1271 3020 potentissimus

146 3039 256 3082 comes
290 3018 440 3083 Alsaciae
479 3028 554 3104 post
586 3018 686 3083 multa
714 3018 856 3083 crudelia
910 3041 970 3084 uae
1002 3018 1124 3083 fecerat
1157 3016 1209 3083 vel
1237 3018 1271 3081 in

146 3100 286 3166 ecclesia
306 3101 413 3167 rolin
435 3101 625 3189 republica
647 3105 772 3168 occisus
795 3111 852 3169 est.
931 3125 948 3167 e
970 3101 1089 3167 talibus
1111 3103 1230 3168 dicitur
1251 3124 1271 3166 a

145 3186 289 3250 Domino
322 3209 381 3272 per
412 3185 604 3251 Zachariam
636 3187 828 3274 prophetam
860 3186 903 3251 ad
938 3185 1120 3252 Zorobabel
1152 3186 1270 3250 ducem

145 3269 246 3334 Iuda:
268 3270 345 3335 Non
367 3273 404 3334 in
426 3274 571 3336 accercito
592 3296 649 3336 nec
670 3275 707 3336 in
725 3273 838 3337 robore
853 3272 1027 3356 superabis
1049 3273 1269 3351 adversarios,
1279 3300 1348 3342 ason
1356 3301 1412 3354 aa

145 3355 205 3418 sed
229 3357 266 3418 in
288 3357 410 3439 spiritu
431 3379 510 3437 meo,
532 3354 593 3419 hoc
616 3357 720 3419 estin
742 3355 964 3420 observatione
984 3353 1066 3439 legis
1088 3355 1162 3437 Dei,
1189 3356 1271 3420 dicit

145 3438 311 3502 Dominus
338 3442 549 3504 caeercituum.
593 3440 670 3503 Fuit
696 3441 781 3503 enim
809 3441 984 3524 imperator
1011 3448 1089 3502 tunc
1109 3440 1144 3501 in
1165 3437 1269 3521 Italia,

146 3521 277 3606 quando
298 3521 378 3586 haec
395 3523 482 3587 circa
496 3522 697 3588 adversarios
720 3546 795 3587 suos
818 3531 892 3586 sunt
905 3530 1013 3620 gesta3
1036 3542 1132 3608 quam
1147 3521 1271 3588 scilicet

145 3605 275 3670 tertiam
303 3604 379 3670 illuc
404 3602 637 3692 profectibnem
665 3608 785 3673 fecerat
812 3627 988 3692 praecrpue
1011 3615 1122 3671 contra
1142 3606 1269 3672 Mathil-

144 1169 357 1252 reddiderat3·
373 1169 523 1268 ideoque,
538 1171 708 1269 'quoniam
931 1169 1002 1233 risti
1037 1169 1093 1256 qui
1121 1177 1169 1233 est
1201 1191 1274 1255 pax

146 3748 170 3802 a)
186 3749 254 3791 Laid.
272 3751 292 3791 1.

148 3854 175 3917 1)
202 3855 309 3906 Ekksh.
335 3859 363 3904 et
380 3855 449 3904 Ann.
468 3855 582 3918 August.
606 3854 658 3904 hoc
683 3855 722 3904 its
740 3855 840 3904 factum
861 3870 920 3905 essa
940 3854 1100 3907 concedunt.
1176 3855 1204 3921 2)
1225 3855 1269 3908 Of.

146 3927 232 3977 verba
252 3943 276 3979 c.
291 3927 340 3976 252
359 3926 396 3978 Ar
413 3925 557 3992 imperator
570 3943 642 3991 prae
655 3926 735 3977 nimio
746 3927 824 3992 pacis
843 3943 941 3979 amore.
995 3929 1025 3992 3)
1045 3930 1088 3979 Da
1106 3928 1159 3979 hac
1178 3944 1271 3995 pugna

145 4001 315 4066 imperatoris
335 4017 396 4051 cum
415 4001 571 4050 marchione
592 3999 626 4049 cf.
640 3999 771 4050 Barnoldi
791 4000 903 4065 Chron.;
922 4002 992 4052 Ann.
1011 4001 1140 4067 August.;
1160 4001 1267 4052 Ekkeh.

146 4073 247 4125 chron.
268 4090 292 4124 a.
306 4072 392 4136 10893
412 4073 481 4125 hnn.
495 4072 637 4135 Disibod.;
655 4073 725 4124 Ann.
740 4073 768 4125 S.
781 4072 880 4124 Alban.
936 4073 966 4138 4)
986 4075 1029 4124 De
1050 4075 1135 4125 caede
1154 4075 1269 4140 Egberti

145 4148 182 4200 cf.
219 4150 289 4200 Anu.
321 4147 460 4210 Hildesh.;
488 4146 596 4196 Eklroh.
623 4146 700 4210 Chr.;
734 4146 803 4196 Ann.
837 4147 992 4210 Ottenbur.;
1028 4146 1091 4199 Chr.
1120 4147 1270 4216 dampetr.;

146 4221 209 4274 chr.
230 4237 290 4288 epp.
309 4219 451 4286 Hildesh.;
470 4221 503 4272 V.
522 4221 633 4270 Henrici
646 4219 694 4271 IV.
765 4217 794 4284 5)
808 4219 972 4271 Waltramus
991 4220 1043 4290 hoc
1063 4220 1136 4272 solus
1156 4221 1190 4272 da
1211 4223 1270 4273 eius

143 4295 294 4362 cupiditate
313 4293 446 4361 regnandi
464 4294 566 4345 scribit.

995 4374 1034 4423 gs
