3098 4818
286 341 324 392 40
581 335 702 386 BRUNO
717 335 766 384 DE
785 333 905 384 BELLO
922 331 1110 385 SAXONICO.

209 525 276 568 roas.
287 527 346 570 sua
367 526 387 568 a
407 501 601 566 monasterio
623 500 767 582 duceret,
797 522 855 564 rex
881 499 1047 584 sagittario
1075 499 1203 566 cuidam
1233 520 1348 586 praece
1373 500 1407 582 it,

286 597 322 653 ut
351 608 425 652 eum
451 587 543 650 iuxta
569 585 713 668 reginam
741 585 857 668 sagitta
885 581 1094 666 transfigeret.
1139 581 1204 648 Sed
1230 581 1272 648 ab
1295 604 1332 648 eo
1357 604 1408 647 em

286 670 450 756 sagittario
465 669 683 754 praemonitus
699 667 767 732 dux
781 668 924 752 reginam
939 688 1004 730 non
1018 667 1179 752 perduxit,
1202 667 1259 732 sed
1278 667 1409 732 inventa

287 752 429 840 qualibet
450 773 548 818 causa
568 752 703 818 festinus
724 752 766 818 ab
789 773 827 816 aa
848 751 989 816 recessit.

370 838 420 902 62.
464 836 575 901 Tertia
600 836 672 902 vice
703 856 775 899 cum
799 856 914 899 causac
936 833 1095 921 quaedam
1116 835 1200 900 intra
1221 833 1407 900 cubiculum

285 921 371 1006 regis
406 931 577 1006 agerentur
616 930 648 985 et
682 918 862 984 actionibus
894 917 956 982 illis
989 918 1058 982 dux
1086 939 1159 982 cum
1193 919 1307 1004 paucis
1340 919 1406 982 suis

285 1006 466 1080 interesset,
494 1004 682 1068 nunciatum
710 1014 758 1068 ast
779 1005 809 1067 ei
839 1003 924 1088 quod
947 1002 1010 1066 duo
1032 1002 1118 1086 regis
1139 1001 1251 1066 famuli
1277 1003 1406 1066 ianuam

286 1110 360 1168 curn
387 1087 482 1152 nudis
508 1085 626 1172 gladiis
656 1087 853 1167 obsiderent,
887 1087 942 1172 qui
971 1086 1087 1150 ducem
1117 1085 1335 1168 egredientem
1363 1107 1405 1149 ex

286 1181 357 1238 utro
382 1194 421 1236 ue
442 1170 539 1236 latere
561 1170 774 1255 perfoderent.
806 1169 919 1254 Itaque
943 1191 1016 1234 suos
1039 1191 1112 1234 cum
1133 1167 1249 1254 gladiis
1272 1167 1407 1234 occultis

287 1276 344 1319 occ
379 1266 410 1320 te
438 1255 514 1320 fecit
542 1254 709 1336 advenire,
738 1264 770 1319 et
796 1252 837 1318 ali
862 1274 921 1316 uos
951 1275 992 1316 ex
1018 1253 1097 1338 ipsis
1125 1252 1308 1317 cubiculum
1330 1253 1407 1317 fecit

286 1341 422 1420 intrare,
451 1337 605 1423 plurimos
632 1358 710 1401 vero
737 1359 815 1422 prae
840 1275 964 1402 loribus
991 1347 1084 1404 stare.
1129 1335 1212 1401 Cum
1236 1359 1276 1402 ue
1299 1337 1407 1402 omnia

288 1423 372 1486 sicut
392 1423 528 1486 iusserat
549 1431 656 1486 essent
671 1420 836 1506 disposita,
858 1442 931 1484 cum
946 1421 1014 1484 suis
1029 1419 1187 1490 accedens
1205 1443 1224 1484 a
1261 1421 1405 1485 ianuam:

289 1504 413 1588 ‘Tales’,
427 1505 541 1590 inquit,
557 1505 727 1586 ianitores,
743 1505 859 1570 domne
874 1527 941 1585 rex,
957 1505 990 1566 in
1005 1514 1110 1568 vestro
1126 1503 1273 1569 cubiculo
1288 1502 1406 1568 nollem

287 1588 383 1652 modo
411 1588 548 1670 vidisse,
581 1609 641 1653 nec
669 1610 810 1674 unquam
839 1586 973 1673 posthac
1008 1587 1147 1674 amplius
1174 1587 1248 1652 volo
1278 1587 1406 1652 videre!

286 1670 524 1738 Haeclocutus
547 1681 578 1736 et
599 1671 678 1736 abiit
700 1692 773 1736 cum
794 1693 913 1756 magno
935 1671 1056 1752 furore,
1084 1681 1115 1736 et
1138 1670 1233 1753 dixit,
1264 1672 1351 1758 quod
1373 1681 1408 1736 et

285 1755 439 1842 implevit,
474 1756 538 1820 uod
550 1767 741 1841 numquarn³
754 1754 848 1822 vellet
859 1754 990 1820 ulterius
1003 1755 1044 1819 ad
1055 1756 1140 1839 regis
1152 1757 1274 1820 curiam
1285 1757 1403 1822 venire.

369 1840 420 1904 63.
495 1839 589 1904 odem
611 1839 682 1906 vell
709 1840 805 1904 simili
827 1838 899 1904 dolo
922 1841 1018 1904 etiam
1040 1837 1251 1906 Berthcldum
1273 1838 1406 1905 ducemc

286 1922 461 2022 quaerebat
481 1924 634 2008 perdere,
666 1926 742 2010 quia
769 1924 802 1988 hi
824 1923 888 1988 duo
910 1924 1013 2007 magis
1036 1923 1228 1990 videbantur
1249 1924 1318 1988 eius
1340 1945 1407 1990 rna-

284 2007 370 2072 btiae
394 2005 557 2074 obsistere.
600 2007 643 2072 Et
687 2030 764 2072 uarc
786 2006 826 2072 de
848 2007 974 2072 duobus
1001 2016 1125 2071 tantum
1148 2008 1217 2072 eius
1238 2009 1405 2072 saevitiam

286 2112 514 2172 commemoro,
552 2091 607 2176 qui
640 2031 761 2154 nidlum
794 2091 834 2154 de
865 2089 1067 2176 principibus
1099 2113 1230 2176 possum
1263 2114 1406 2156 asserere

167 2192 208 2246 *a
225 2194 275 2237 sor.
287 2196 436 2240 securum
459 2174 515 2238 tali
536 2173 700 2259 periculo?
722 2173 890 2254 *Quadam
911 2197 1050 2260 namque
1065 2173 1118 2238 die
1141 2175 1217 2240 dum
1239 2176 1308 2260 ipsc
1330 2198 1406 2240 cum

286 2259 351 2322 suis
374 2261 491 2322 scurris
513 2267 690 2322 moraretur
711 2259 745 2321 in
767 2257 913 2321 cubiculo
940 2268 972 2322 et
994 2280 1010 2321 c
1036 2259 1138 2343 iscopi
1158 2261 1318 2344 ceterique
1340 2260 1405 2345 pri-

285 2350 386 2406 mates
409 2341 606 2406 excubarent
627 2343 661 2404 in
682 2341 850 2424 vestibulo,
873 2341 972 2406 fertur
992 2281 1054 2406 illis
1077 2342 1199 2408 dixisse
1214 2344 1269 2428 qui
1284 2344 1406 2407 conscii

286 2434 318 2490 et
338 2425 477 2489 fautores
499 2435 590 2490 erant
610 2447 686 2490 suae
708 2427 883 2510 nequitiae:
917 2425 1012 2492 ‘Ecce
1038 2427 1092 2494 isti
1114 2436 1203 2508 sunt,
1232 2427 1289 2512 qui
1313 2428 1404 2512 regni
1439 2477 1444 2490 .

285 2509 349 2574 mei
376 2507 503 2574 divitias
530 2508 663 2590 habent,
693 2518 724 2574 et
750 2531 801 2574 me
830 2531 983 2594 meosque
1011 2531 1121 2574 omnes
1152 2511 1185 2574 in
1211 2519 1405 2659 paupertate

284 2591 488 2678 reliquerunt.
539 2593 635 2674 Quod
668 2594 695 2658 si
727 2592 772 2656 illi
810 2592 850 2658 de
883 2593 987 2657 medio
1025 2593 1160 2658 fuissent
1191 2592 1305 2676 alati,
1343 2616 1404 2678 ego

284 2678 454 2763 cunctique
484 2677 548 2742 mei
575 2676 746 2742 familiares
768 2677 832 2741 cito
862 2698 1030 2762 possemus
1052 2677 1168 2742 divites
1197 2678 1275 2744 fieri.
1320 2679 1406 2759 Qua-

283 2770 414 2860 propter
442 2761 470 2826 si
495 2763 556 2826 viri
585 2762 661 2826 estis
690 2771 722 2826 et
748 2760 877 2826 divitias
907 2759 1024 2825 habere
1050 2762 1181 2847 cupitis,
1211 2763 1289 2826 istos
1318 2784 1405 2825 nunc

283 2865 421 2910 mermes
449 2845 564 2910 armati
591 2843 714 2910 fortiter
742 2845 899 2924 invadite,
927 2854 958 2908 et
985 2846 1092 2910 omnia
1121 2868 1203 2932 quae
1230 2845 1275 2908 illi
1304 2851 1406 2930 possi-

284 2927 361 2992 dent
383 2927 537 3013 accipite!
582 2927 734 2994 Habebat
755 2939 860 2994 autern
882 2929 916 2992 in
938 2927 1037 2994 cubili
1059 2952 1116 2994 suo
1139 2952 1266 3016 semper
1287 2928 1406 2994 multas

284 3033 412 3076 secures
433 3010 497 3074 lato
519 3011 602 3076 ferro
625 3011 843 3097 splendentes,
867 3013 983 3099 quibus
1006 3035 1064 3076 nec
1087 3013 1208 3099 clipeus
1231 3035 1291 3078 nec
1311 3012 1406 3099 galea

283 3097 432 3160 resistere
480 3103 582 3158 oterat
603 3097 720 3160 virtute
742 3096 859 3182 aliqua.
897 3094 993 3177 Quod
1014 3098 1077 3160 nisi
1092 3096 1186 3161 Anno
1202 3095 1405 3162 Coloniensis

283 3177 412 3264 praesul
433 3117 477 3242 ab
496 3200 562 3242 uno
584 3181 639 3265 qui
662 3201 736 3242 cum
758 3181 873 3244 ceteris
895 3180 1021 3244 facinus
1043 3191 1113 3245 erat
1133 3191 1277 3263 acturus,
1306 3180 1404 3266 paulo

282 3273 356 3328 ante
388 3261 501 3326 trisset
539 3263 756 3345 submonitus,
794 3285 833 3328 ea
865 3264 916 3329 die
952 3264 1066 3328 fuisset
1096 3274 1314 3350 perpetratum
1346 3265 1406 3328 mi-

284 3343 419 3412 serabile
440 3345 574 3412 facinus.

366 3431 416 3496 64.
460 3431 582 3496 Verum
604 3439 641 3494 ut
662 3429 704 3494 ad
719 3432 826 3516 priora
840 3430 1003 3516 paulisper
1017 3441 1167 3512 revertar,
1190 3431 1247 3496 ubi
1262 3431 1402 3517 primum

282 3515 434 3599 primates
450 3515 551 3580 nostri
566 3514 760 3578 deditionem
782 3515 935 3594 fecerunt,
959 3537 1068 3581 omnes
1090 3517 1218 3580 semitas
1242 3537 1323 3602 quae
1345 3537 1406 3600 per

281 3607 407 3662 montes
434 3597 555 3662 ducunt
581 3599 616 3662 in
643 3597 783 3679 Italiam,
816 3621 875 3662 rex
907 3599 1013 3662 claudi
1040 3601 1220 3697 praeceit,
1252 3621 1312 3664 nec
1345 3597 1401 3662 ulli

281 3679 404 3744 homini
425 3682 513 3744 viam
535 3692 646 3767 patere
668 3683 828 3779 permisit,
856 3704 896 3747 ne
918 3683 965 3746 rei
987 3693 1104 3747 ventas
1126 3704 1145 3746 a
1177 3681 1403 3768 ¹apostolicum

282 3764 371 3849 prius
394 3767 527 3846 veniret,
550 3787 647 3850 quam
670 3788 739 3851 1pse
783 3787 818 3830 er
839 3765 962 3850 legatos
976 3767 1010 3828 in
1025 3789 1117 3830 suum
1131 3766 1275 3832 favorem
1296 3768 1405 3852 ipsum

282 3847 493 3932 apostolicum
523 3849 713 3914 traduceret.
791 3848 884 3913 einde
906 3850 995 3913 misit
1015 3850 1159 3915 Romano
1188 3850 1334 3936 pontifici
1360 3849 1402 3914 le-

282 3943 384 4016 gatos,
407 3935 462 4019 qui
485 3932 515 3996 ei
536 3933 729 4013 intimarent,
752 3931 840 4031 quod
863 3933 1007 4018 episcopi
1030 3933 1191 4000 Saxoniae
1213 3935 1263 3998 sui
1282 3933 1405 3997 ordinis

283 4014 376 4080 obliti
409 4025 520 4081 contra
548 4040 582 4084 se
608 4017 642 4082 in
669 4015 793 4118 proeho
822 4019 987 4100 congressi
1013 4016 1164 4096 fuissent,
1192 4038 1329 4102 eumque
1353 4037 1405 4078 ro-

281 4108 406 4184 garent,
431 4111 466 4166 ut
487 4121 542 4164 eos
564 4101 647 4166 sicut
667 4099 819 4183 1nfideles,
842 4102 988 4187 periuros
1003 4109 1035 4164 et
1049 4099 1124 4165 belli
1139 4099 1241 4163 civilis
1257 4106 1406 4164 auctores

281 4183 386 4266 gradu
407 4183 596 4250 sacerdotali
612 4186 793 4271 deponeret,
817 4194 973 4271 quatenus
990 4183 1069 4248 tales
1084 4205 1142 4269 per
1158 4183 1253 4268 quos(¹
1269 4181 1408 4248 ecclesia

281 4341 305 4394 a)
322 4344 377 4384 desse
394 4349 414 4386 1.
473 4344 573 4396 o)ss1.
635 4341 893 4399 decimanos.
956 4343 979 4398 d)
996 4347 1051 4386 deest
1067 4349 1088 4388 1.
