3098 4818
294 351 329 400 52
578 349 701 402 BBUNO
721 349 771 400 DE
791 348 912 402 BELLO
933 348 1127 402 saxorum.

216 535 282 578 10⁸1·
292 519 378 605 lepio
400 518 449 583 uel
470 518 681 604 confessioni,
712 540 804 602 quem
828 516 952 583 Christi
973 539 1036 583 oon
1054 517 1216 604 praetulit
1237 517 1419 598 uniuersis,

293 625 386 688 quem
408 600 541 668 ecclesia
563 603 753 668 ueneranda
775 624 901 688 semper
915 602 1066 687 confessa
1088 611 1176 667 estet
1191 601 1419 666 habetdevota

219 715 253 756 es.
264 706 283 750 s.
290 689 486 773 primatem’
525 688 605 752 Item
619 685 727 750 Iulius
736 709 835 771 papa
850 685 1065 751 orientalibus
1080 687 1242 772 episcopis
1257 685 1416 766 scribens,

294 772 334 836 de
349 780 510 857 potestate
532 772 676 836 eiusdem
698 779 831 836 sanctae
853 780 882 834 et
904 771 1102 855 apostolicae
1124 771 1210 834 sedis
1233 771 1300 833 ait:
1334 769 1414 831 ‘De-

293 864 406 920 cuerat
426 878 494 936 uos,
506 855 649 938 fratres,
672 855 831 919 aduersus
853 865 1002 920 sanctam
1022 855 1210 919 Romanam
1231 863 1259 916 et
1282 863 1414 937 aposto·

293 939 392 1004 licam
413 939 580 1004 ecclesiam
601 939 742 1020 limate¹,
770 949 799 1002 et
827 962 894 1002 non
921 941 1046 1004 ironice
1074 937 1175 1022 loqui,
1203 941 1416 1023 quoniamst

292 1027 364 1108 ipse
386 1024 538 1089 dominus
568 1032 675 1088 noster
697 1023 788 1086 Iesus
813 1022 962 1089 Christus
990 1044 1061 1086 eam
1083 1021 1230 1086 decenter
1252 1021 1416 1086 allocutus

295 1109 361 1172 ait:
389 1109 461 1172 “Tu
482 1130 515 1172 es
537 1103 663 1188 Petrus,
685 1116 714 1170 et
735 1129 837 1191 super
858 1107 944 1171 hanc
960 1115 1092 1192 petram
1115 1104 1294 1187 aedificabo
1317 1103 1413 1170 eccle-

295 1193 380 1260 siam
406 1215 525 1272 mam,
557 1201 587 1255 et
615 1200 731 1276 portae
759 1191 863 1275 inferi
895 1213 962 1255 non
982 1190 1224 1275 praevalebunt
1253 1189 1413 1253 aduersus

294 1298 375 1358 eam,
412 1285 441 1338 et
472 1277 533 1341 tibi
565 1276 649 1340 dabo
682 1275 788 1339 claues
824 1279 921 1359 reqni
953 1274 1143 1339 coelorum.'’
1187 1273 1293 1337 Habet
1324 1275 1413 1337 enim

291 1368 479 1444 potestatem
508 1359 677 1445 sinpnlari
699 1359 879 1444 pricilepio
909 1359 972 1423 sibi
999 1381 1194 1438 concessam,
1224 1359 1355 1442 aperire
1383 1365 1414 1419 ct

293 1443 446 1507 claudere
467 1445 607 1507 ianuam
627 1445 724 1528 repni
745 1441 897 1522 coelestis,
921 1442 1039 1528 quibus
1054 1442 1210 1506 uoluerit!
1249 1440 1312 1506 Cui
1327 1461 1413 1525 erpo

295 1527 470 1612 aperiendi
500 1535 530 1590 et
557 1525 737 1590 claudendi
765 1525 845 1591 coeli
872 1529 954 1591 data
986 1536 1032 1590 est
1059 1535 1214 1610 potestas,
1250 1525 1290 1588 de
1322 1533 1416 1588 terra

294 1610 446 1674 iudicare
466 1633 532 1674 non
553 1609 646 1675 licet?
682 1610 786 1674 Absit.
829 1609 919 1675 Num
940 1613 1097 1689 retinetis,
1121 1609 1209 1694 quod
1236 1609 1284 1671 ait
1298 1607 1414 1672 beatus

135 1701 214 1746 1·0⁰r·
230 1693 421 1758 ⁶2³·Puulas
464 1695 650 1779 apostolus:
694 1694 846 1759 ‘Nescitis
885 1696 968 1780 quia
1004 1693 1139 1779 anpelos
1180 1693 1415 1772 indicabimus,

296 1787 418 1864 quanto
440 1781 549 1865 mapis
570 1777 791 1844 saecularial'
833 1779 959 1842 Beatus
981 1801 1106 1864 quoque
1123 1775 1304 1862 Greporius
1317 1797 1416 1921 papa

295 1863 406 1948 repesb
430 1886 451 1926 a
472 1885 535 1927 sua
557 1863 718 1949 dipnitate
740 1863 856 1927 cadere
878 1865 1002 1943 statuit,
1024 1865 1082 1947 qui
1104 1859 1304 1946 apostolicae
1327 1881 1359 1922 ss
1384 1860 1416 1924 is

155 1943 427 2011 1²⁰⁹·¹³2⁸·decreta
447 1947 572 2012 uiolare
617 1950 884 2032 raeeumpserint,
906 1947 1050 2012 scribens
1073 1947 1119 2010 ud
1135 1946 1298 2030 quendam
1320 1965 1416 2007 sena·

296 2041 416 2096 toremc
445 2032 498 2095 his
526 2053 582 2095 uer
603 2033 649 2094 is:
683 2030 734 2096 ‘Si
763 2033 836 2116 quis
863 2054 987 2117 nepum,
1017 2031 1233 2109 sacerdotum,
1266 2027 1417 2092 iudicum

298 2125 394 2201 atque
417 2115 639 2180 saecularium
655 2137 878 2200 personarum
907 2117 993 2179 hanc
1023 2115 1262 2178 constitutionis
1283 2121 1416 2175 nostrae

290 2201 464 2286 papinum
487 2221 677 2284 opnoscens,
707 2206 822 2262 contra
851 2221 922 2262 eam
949 2201 1060 2262 venire
1089 2197 1302 2282 temptauerit,
1321 2204 1413 2279 pote-

296 2285 392 2347 statis
414 2283 610 2367 honorisque
632 2284 686 2345 sui
707 2282 892 2367 dipnitated
919 2291 1041 2364 careat,
1070 2303 1223 2366 reumque
1245 2303 1277 2344 se
1299 2279 1415 2346 diuino

295 2365 423 2431 iudicio
446 2368 581 2430 euistere
604 2365 642 2428 de
661 2375 853 2450 perpetrata
879 2368 1056 2451 iniquitate
1083 2373 1265 2451 capnoscat,
1296 2373 1325 2426 et
1346 2365 1417 2428 nisi

296 2471 337 2512 ea
366 2471 450 2533 quae
480 2449 520 2514 ab
550 2447 606 2514 illo
638 2459 715 2513 sunt
747 2450 830 2514 male
859 2449 971 2514 ablata
998 2451 1191 2530 restituerit,
1227 2445 1277 2510 uel
1309 2447 1417 2533 dipna

291 2535 494 2612 poenitentia
523 2533 635 2598 illicite
663 2543 737 2598 acta
766 2535 943 2619 defleverit,
974 2557 996 2597 a
1028 2534 1252 2598 sacratissimo
1280 2553 1417 2615 corpore

260 2697 262 2703 Ι
298 2640 338 2682 ac
360 2618 524 2704 sanquine
544 2619 673 2682 domini
693 2617 906 2702 redemptoris
927 2619 1033 2682 nostri
1048 2618 1123 2681 Iesu
1141 2615 1264 2682 Christi
1285 2615 1416 2680 alienus

289 2701 366 2784 fiat,
390 2711 485 2786 atque
506 2703 544 2766 in
568 2711 698 2766 aeterno
720 2705 871 2767 eramiae
894 2701 1063 2766 districtae
1085 2701 1207 2766 ultioni
1228 2699 1416 2764 subiaceat!

301 2783 398 2861 Quod
419 2788 449 2850 si
470 2787 583 2850 beatus
606 2784 799 2873 Greporius,
828 2787 941 2850 doctor
961 2787 1072 2870 utique
1094 2785 1295 2864 mitissimus,
1324 2804 1418 2868 repes

299 2871 357 2954 qui
379 2879 503 2934 statuta
532 2893 596 2934 saa
621 2892 722 2954 super
748 2892 852 2934 unum
878 2869 1116 2934 senodochium
1145 2866 1317 2948 violarent,
1348 2889 1417 2932 non

297 2953 393 3016 modo
423 2955 554 3037 deponi,
583 2954 639 3018 scd
668 2954 765 3018 etiam
792 2955 1068 3018 encommunicari
1096 2961 1192 3036 atque
1219 2953 1257 3016 in
1285 2960 1417 3016 aeterno

298 3038 449 3102 enamine
471 3037 628 3102 damnari
647 3037 803 3120 decreuit,
826 3040 899 3124 quis
913 3038 1208 3117 nosHeinricum0,
1231 3059 1298 3100 non
1309 3034 1418 3100 solum

298 3119 553 3204 apostolicorum
567 3121 767 3184 iudiciorum
781 3131 1034 3206 contemptorem,
1056 3143 1168 3185 oerum
1190 3121 1288 3184 etiam
1310 3121 1418 3203 ipsius

298 3206 416 3268 matris
437 3203 598 3285 ecclesiae,
621 3213 780 3289 quantum
795 3207 832 3268 in
847 3207 921 3290 ipso
936 3214 990 3286 est,
1014 3205 1278 3285 conculcatorem,
1301 3205 1415 3268 totius-

299 3310 361 3373 que
382 3289 480 3375 requi
499 3297 528 3351 et
549 3285 761 3352 ecclesiarum
775 3289 1048 3372 improbissimum
1056 3288 1261 3374 praedonem
1282 3296 1311 3352 et
1333 3296 1418 3352 atro-

299 3374 466 3438 cissimum
487 3373 726 3453 destructorem,
749 3373 936 3456 deposuisse
953 3381 982 3436 et
996 3373 1291 3437 encommunicasse
1306 3393 1416 3455 repre-

238 3473 240 3478 ·
299 3457 430 3538 hendat,
459 3457 530 3521 nisi
547 3456 641 3540 forte
672 3455 789 3520 similis
816 3459 904 3538 eius,
935 3457 1019 3520 sicut
1046 3457 1136 3521 beato
1163 3455 1259 3521 Petro
1287 3455 1418 3519 docente

299 3543 510 3624 capnouimus
530 3543 568 3604 in
594 3541 732 3624 epistola
761 3541 800 3605 de
830 3541 1040 3605 ordinatione
1065 3541 1262 3622 Clementisl,
1291 3542 1328 3603 in
1371 3561 1418 3604 ua

300 3625 347 3686 sic
364 3625 429 3686 ait:
451 3623 592 3708 ‘Siquis
608 3623 851 3708 amicusfuerit
873 3625 934 3706 his,
956 3625 1073 3709 quibus
1095 3626 1176 3710 ipsc'
1191 3625 1287 3690 —dc
1309 3563 1419 3688 eodem

303 3706 460 3772 Clemente
482 3706 659 3771 dicens-
681 3713 756 3772 ‘non
778 3707 932 3792 loquitur,
963 3731 1050 3773 unus
1072 3718 1117 3772 est
1138 3709 1258 3792 etipse
1279 3705 1419 3788 eudlis,

301 3792 360 3876 qui
395 3792 614 3855 exterminare
645 3791 712 3854 Dei
747 3790 914 3860 ecclesiam
945 3793 1077 3876 uolunt,·
1113 3801 1142 3854 et
1178 3815 1250 3856 cum
1282 3812 1419 3876 corpore

301 3874 469 3938 nobiscum
490 3897 558 3940 esse
579 3874 719 3956 uidetur,
746 3885 847 3941 mente
876 3885 905 3940 et
933 3878 1044 3940 animo
1071 3885 1187 3940 contra
1215 3898 1276 3940 nos
1303 3885 1357 3956 est,
1390 3883 1420 3936 et

301 3968 347 4024 cst
372 3957 471 4023 multo
500 3960 638 4042 nequior
666 3958 766 4023 hostis
793 3959 856 4041 hic,
885 3983 982 4046 quam
1006 3959 1059 4024 illi
1087 3963 1144 4044 qui
1163 3957 1258 4043 foris
1287 3967 1363 4023 sunt
1390 3966 1421 4021 et

302 4043 467 4108 euidenter
487 4043 625 4109 inimici.
669 4041 734 4106 Hic
755 4045 841 4108 enim
856 4066 922 4130 per
938 4045 1163 4108 amicitiarum
1177 4043 1313 4128 speciem
1335 4064 1420 4128 quae

302 4202 326 4258 a)
341 4205 443 4246 limitare
459 4207 479 4245 1.
532 4203 557 4254 b>
572 4205 628 4244 aar
644 4205 664 4246 1.
718 4203 739 4257 c)
754 4203 891 4246 senatorem
906 4206 1015 4247 abbatom
1030 4205 1081 4256 Bou.
1134 4203 1158 4258 d)
1174 4205 1229 4246 deest
1246 4208 1267 4248 ι.
1321 4202 1343 4256 ο)
1359 4205 1380 4245 N
1397 4206 1422 4246 1.

305 4332 334 4400 1)
353 4332 610 4388 Pseudoisidoriana
630 4333 775 4400 Olcmmtis,
789 4353 822 4402 p.
836 4337 871 4387 36
891 4337 933 4390 ed.
945 4337 1102 4391 Hinschius.
