3116 4822
351 373 401 422 DE
420 373 580 424 UNITATE
600 373 806 426 EOCLESIAE
827 375 1103 428 CONSERVANDA.
1278 379 1294 428 5

167 539 381 628 potestatem?
410 541 499 604 Bene
512 541 577 624 fae
600 551 629 606 et
651 542 782 606 babebis
804 543 936 607 landem
958 565 997 606 en
1018 543 1098 624 illa,
1121 544 1186 607 Dei
1208 545 1298 607 enim.

171 627 322 690 minister
348 625 408 689 tibi
428 627 466 688 in
493 625 631 707 bonnm;
653 631 680 689 si
710 637 816 691 antem
842 627 926 690 male
943 627 1079 712 feceris,
1108 630 1198 708 time;
1226 649 1298 691 non.

171 713 254 774 enim
276 710 348 772 sine
363 729 468 773 cansa
485 709 635 796 pladiam
647 720 778 794 portat,
801 712 866 775 Dei
881 715 966 776 enim
981 713 1129 776 minister
1143 721 1199 792 est,
1222 712 1295 774 cin·

171 795 236 858 dem
267 795 304 856 in
336 795 423 858 iram
456 795 486 856 ei
540 797 578 858 ai
603 794 726 858 malam
758 798 838 880 epit.
880 793 935 857 Ex
964 793 1013 858 his
1043 805 1128 860 certe
1157 792 1296 880 apostoli

169 876 279 942 verbis
301 884 446 962 apparet,
469 817 635 941 ordinasse
652 878 771 960 Deum,
793 899 857 941 non
879 900 938 962 per
959 879 1118 943 antistites
1140 889 1172 944 et
1194 877 1297 942 eccle-

170 961 292 1024 siarum
312 961 476 1046 principes
500 963 608 1024 omnia
629 962 764 1026 crimina
783 961 971 1043 vindicari1,
996 962 1053 1026 sed
1073 985 1112 1026 ea
1134 985 1216 1048 quae
1239 983 1297 1026 ex-

172 1043 292 1108 cedunt
327 1044 560 1108 districtionem
592 1044 829 1110 ecclesiasticae
866 1045 1005 1109 lenitatis
1040 1045 1200 1110 vindicari
1236 1067 1295 1131 per

170 1127 319 1192 ludicem
338 1127 458 1192 mundi.
493 1127 721 1192 Sacerdotale²
744 1131 829 1193 enim
851 1129 1006 1194 iudicium
1029 1152 1093 1194 non
1114 1129 1211 1193 habet
1232 1130 1298 1192 nisi

170 1209 314 1294 gladium
337 1212 477 1296 spiritus,
500 1212 587 1360 quod
608 1225 657 1277 est
674 1213 809 1278 verbum
827 1215 901 1295 Dei,
924 1225 1020 1300 atquc
1035 1213 1119 1296 ideo,
1141 1235 1214 1277 cum
1236 1235 1299 1298 per

172 1294 407 1359 ecclesiasticas
428 1317 557 1380 regnas
578 1319 642 1360 non
657 1298 798 1380 potuerit
816 1296 973 1362 hereticos
989 1319 1136 1362 coercere
1158 1295 1294 1361 ecclesia

171 1379 246 1460 Dei,
278 1379 458 1460 adiuvatur,
487 1383 570 1445 sicut
590 1382 636 1444 ait
657 1383 771 1446 beatus
792 1381 859 1446 Leo
881 1404 977 1466 papa,
1001 1383 1119 1446 severis
1142 1381 1296 1446 constitu·

170 1462 314 1527 tionibus
341 1463 586 1528 christianorum
613 1466 809 1552 principum,
837 1466 965 1552 quando
987 1467 1028 1530 ad
1051 1465 1194 1551 spiritale
1216 1487 1295 1529 non-

170 1569 337 1634 nunquam
359 1559 528 1612 recurrunt
542 1549 718 1614 remedium
765 1550 799 1612 ui
813 1551 927 1614 timent
942 1549 1107 1636 corporale
1126 1549 1297 1613 iudicium.

172 1630 278 1716 Saepe
307 1640 415 1696 autem
445 1635 590 1716 contigit,
620 1656 712 1718 reges
738 1571 864 1719 iliquos
893 1633 944 1698 vel
965 1635 1175 1718 imperatores
1195 1633 1294 1698 fuisse

170 1714 384 1780 hereticorum
412 1715 554 1780 fautores
576 1728 672 1802 atque
694 1717 891 1800 defensorem
914 1717 972 1782 sed
994 1729 1112 1804 quanto
1135 1717 1294 1782 crudelior

172 1799 273 1864 hostis
302 1799 345 1863 ad
366 1801 557 1882 nocendum,
587 1810 676 1864 tanto
698 1803 917 1886 perspicacior
939 1824 1017 1866 cura
1038 1813 1106 1867 erat
1127 1803 1294 1887 episcopo-

171 1905 243 1946 rum
274 1905 332 1968 pro
362 1886 543 1969 expetenda
572 1907 653 1970 pace
682 1885 898 1966 ecclesiarum,
921 1887 1072 1972 quoniam
1094 1888 1187 1949 iuxta
1208 1885 1297 1948 Ana

171 1967 261 2032 stasii
281 1989 388 2053 papae
410 1970 630 2032 testimonium
652 1967 704 2050 ille
726 1991 785 2054 pro
808 1969 937 2034 Christo
958 1969 1102 2054 fungitur
1122 1969 1299 2054 legatione,

170 2053 225 2138 qui
253 2073 312 2136 pro
340 2074 420 2136 pace
449 2061 600 2137 precatur
629 2051 811 2117 ecclesiast
857 2053 1061 2140 Quapropter
1089 2053 1177 2116 idem
1206 2054 1294 2116 Ana-

170 2135 288 2199 stasius
326 2136 437 2200 scribit
473 2136 515 2199 ad
547 2137 752 2201 Anastasium
788 2139 1014 2222 imperatorem
1050 2138 1225 2202 hereticum
1262 2147 1294 2202 et

171 2219 372 2284 defensorem
394 2220 644 2284 hereticorum4:
675 2226 868 2278 Gloriosissimo
888 2234 912 2278 et
931 2228 1126 2280 clementissimo
1139 2226 1199 2294 filio
1218 2225 1292 2278 Ana·

171 2308 253 2360 rtasio
274 2318 387 2376 anpnsto
401 2311 563 2361 Anastasius
583 2312 727 2376 episeopus.
757 2309 907 2360 Exordium
921 2310 1093 2375 pontificatus
1106 2309 1158 2360 mei
1165 2309 1292 2376 primitus

172 2383 262 2432 oblata
284 2383 391 2448 populis
413 2401 483 2448 paee
502 2383 668 2448 praesentim·
694 2391 879 2448 consequenter
897 2401 949 2448 pro
961 2383 1018 2449 fide
1038 2383 1166 2434 catholiea
1185 2382 1292 2433 humilis

166 2455 264 2520 pietati
289 2465 351 2506 tuae
370 2465 498 2520 precator
523 2474 640 2520 occurro,
665 2457 693 2506 in
720 2473 830 2521 quoram
845 2451 934 2522 primo
954 2456 1075 2506 divinam
1086 2457 1212 2522 sanorem
1226 2473 1291 2521 pro·

167 2525 315 2594 pinqnasse
343 2529 452 2594 confido,
479 2531 549 2594 qaod
575 2529 748 2580 consonantia
772 2528 802 2578 in
826 2547 866 2580 me
891 2529 1072 2596 cupientissimi
1096 2528 1210 2580 nominis
1238 2546 1317 2579 non·-

172 2599 281 2651 nattam
296 2611 419 2666 praestat
433 2601 573 2666 aemiliam,
593 2611 623 2652 nt
635 2600 702 2652 sicin
714 2603 870 2652 vocabalum
885 2601 994 2667 pietatis
1011 2609 1072 2652 tuae
1087 2619 1139 2666 per
1151 2603 1296 2654 universas

171 2680 261 2741 pentes
287 2681 336 2726 toto
362 2675 423 2726 orbe
444 2676 607 2742 praefntpet,
632 2673 672 2724 ita
687 2690 738 2738 per
756 2673 929 2724 ministeriam
948 2690 1021 2724 meae
1040 2674 1205 2738 lanmititatis,
1225 2676 1292 2725 sicat

170 2763 272 2812 semper
297 2757 343 2810 est,
370 2748 444 2798 sedes
469 2747 613 2800 beatissimi
630 2747 704 2798 Petri
726 2746 756 2796 in
778 2745 924 2797 universati
948 2747 1057 2796 eeclesia
1084 2747 1250 2814 assignatam
1275 2764 1293 2796 a

170 2820 275 2871 domino
295 2820 352 2871 Deo
372 2829 459 2872 teneat
473 2821 664 2887 principatum.
702 2813 747 2876 Et
769 2813 917 2876 Gelasius
939 2835 1026 2898 papa
1055 2811 1199 2878 scribens
1220 2835 1292 2898 per·

169 2894 271 2960 multa
292 2895 335 2960 ad
350 2895 488 2960 eundem
503 2897 710 2961 Anastasium
726 2898 950 2982 imperatorem
973 2919 1031 2982 pro
1046 2919 1128 2982 pace
1144 2896 1292 2961 ecclesia·

170 2980 262 3060 stica,
277 2980 324 3042 sle
338 2981 384 3044 ait
397 2982 482 3046 inter
492 2991 635 3046 eetera⁵t
649 2985 706 3038 Fili
718 2985 922 3050 clementissime,
942 3005 1004 3054 roqo
1018 2995 1041 3038 te
1049 3004 1129 3052 pare,
1142 2986 1251 3052 sineere,
1264 2993 1296 3038 nt

173 3086 214 3120 me
231 3069 261 3120 in
279 3069 330 3120 bae
347 3069 403 3121 rita
423 3069 522 3122 andins
537 3071 630 3136 potins
648 3070 839 3134 deprecantem,
859 3088 947 3134 qnam,
968 3070 1039 3134 qnod
1058 3069 1133 3133 absit,
1152 3069 1182 3120 in
1200 3069 1295 3120 alirino·

170 3141 272 3193 indicto
300 3142 400 3194 sentias
430 3151 603 3196 accusantem.
644 3137 699 3200 Sic
728 3144 824 3218 certe,
857 3138 903 3200 sic
932 3135 1078 3201 solebant
1099 3137 1172 3201 Deo
1202 3137 1292 3220 digni

169 3217 341 3304 pontifices
376 3219 514 3283 Romani
550 3219 739 3318 suppliciter
774 3219 941 3305 deprecari
975 3243 1036 3308 pro
1073 3220 1293 3286 ecclesiastica

169 3323 260 3386 pace,
289 3323 355 3364 non
385 3312 583 3388 quaerentes,
613 3325 712 3367 immo
733 3325 910 3388 numquam
933 3306 1151 3390 concipientes
1173 3305 1291 3386 animo,

170 3385 294 3470 aliquos
327 3385 368 3450 de
399 3385 532 3472 regibus
564 3389 632 3452 sive
664 3389 912 3472 imperatoribus
941 3389 1121 3473 deponere3
1155 3399 1186 3452 et
1217 3388 1290 3452 ideo

168 3491 283 3554 pacem
314 3473 542 3556 quaerentibus
571 3481 668 3558 atque
689 3493 804 3570 pacem
827 3471 1032 3536 offerentibus
1054 3472 1165 3536 aderat
1186 3471 1292 3553 Deus,

169 3575 379 3618 remunerans
390 3555 614 3637 humilitatem,
637 3557 822 3642 pauentiam
840 3564 872 3619 et
885 3555 1164 3620 mansuetudinem
1179 3577 1290 3620 eorum

168 3649 202 3701 et
224 3637 392 3702 vindicans
415 3662 448 3704 se
470 3661 570 3725 super
591 3638 738 3704 hostibus
760 3661 882 3704 eorum.
925 3639 1008 3702 Nam
1035 3650 1208 3725 postquam
1237 3638 1290 3705 ille

168 3723 266 3786 etiam
288 3722 479 3787 Anastasius
500 3725 675 3808 imperator
701 3723 860 3789 hereticus
889 3722 1053 3808 praesules
1083 3723 1290 3788 ecclesiarum

168 3805 388 3890 supplicantes
415 3806 527 3871 audire
556 3809 756 3892 contempsit,
784 3807 895 3872 divino
925 3807 1045 3872 iudicio
1072 3809 1206 3874 adustus
1232 3805 1290 3870 ful

167 3891 256 3952 mine
277 3891 408 3955 interiit.
453 3891 587 3972 Quaerit
607 3902 714 3956 autem
737 3913 822 3956 nunc
845 3891 960 3977 aliquis
982 3893 1169 3978 pontificum
1194 3891 1292 3976 depo-

167 3995 245 4038 nere
259 3974 439 4059 principem
454 3975 660 4062 populorum,
676 3973 763 4061 quod
779 3983 828 4039 cst
842 3977 984 4041 excitare
999 3977 1091 4062 quasi
1106 3975 1289 4040 incendium

171 4181 201 4249 1)
222 4183 263 4235 Cf.
283 4185 373 4235 Brnno
394 4185 428 4234 de
448 4186 474 4237 b.
495 4185 557 4236 Sex.
579 4200 602 4236 e.
617 4183 665 4246 673
686 4191 713 4235 et
731 4185 801 4235 infra
819 4186 842 4246 Ι,
858 4186 900 4236 11.
921 4192 947 4235 et
967 4185 1045 4247 11,1.
1107 4185 1140 4250 ⁴2)
1161 4184 1201 4236 cf.
1222 4185 1291 4239 Ood.

168 4257 293 4308 Udalrici
312 4259 357 4316 49,
377 4259 420 4308 ed.
433 4257 504 4309 Jafft
515 4259 549 4320 V,
567 4275 594 4324 p.
611 4257 672 4308 107.
693 4263 720 4309 et
734 4257 795 4309 108.
852 4259 879 4320 3)
899 4258 976 4308 Thiel
995 4259 1018 4323 1,
1038 4276 1063 4325 p.
1079 4257 1139 4310 616.
1188 4259 1216 4323 4)
1236 4258 1254 4310 1.
1266 4275 1292 4310 c.

169 4346 196 4396 p.
214 4330 277 4383 eto.
298 4336 325 4381 et
344 4331 407 4382 616.
484 4331 511 4396 ὅ)
532 4331 680 4382 Hinschius
700 4349 727 4398 p.
748 4331 809 4382 640.
