3098 4818
288 365 323 414 18
528 365 535 381 ¹
579 359 700 411 BRUNO
718 359 768 410 DE
786 356 905 408 BELLO
925 355 1112 408 SAXONICO.

210 528 481 594 roraAdalbertus
502 527 686 591 Bremensis
708 525 890 611 episcopus.
926 523 1052 604 Quibus
1075 521 1218 586 omnium
1240 522 1414 588 Saxonum

207 685 209 694 ,
288 614 378 680 dedit
402 613 469 677 dux
497 612 575 677 Otto
602 631 805 696 responsum:
838 631 872 672 se
901 629 966 672 non
993 605 1100 671 hostili
1128 607 1254 689 animo,
1286 627 1347 671 nco
1372 614 1414 670 ut

288 696 381 762 civile
402 695 522 761 bellum
542 693 661 760 vellent
681 693 835 792 incipere,
857 691 904 755 ibi
925 713 995 756 esse
1017 700 1245 776 congregatos3
1272 712 1306 754 se
1327 690 1415 776 regi,

290 783 318 845 si
345 802 403 845 rex
432 802 501 844 esse
529 777 639 860 vellet,
672 798 758 840 omnr
786 774 938 840 fidelitate
966 775 1153 857 servituros3
1187 796 1221 838 se
1242 782 1350 860 petere
1373 781 1414 838 ut

289 861 428 945 castella,
451 884 533 950 quae
554 884 620 926 non
641 860 683 925 ad
696 861 906 924 munitionem
919 860 1011 943 regni
1026 858 1083 922 sed
1097 858 1140 922 ad
1159 858 1413 923 destructionem

289 948 519 1029 fabricaverat,
552 945 648 1010 vellet
678 943 856 1025 destruere3
890 944 918 1006 si
944 964 1020 1007 vero
1049 940 1162 1024 nollet,
1193 951 1271 1006 tunc
1299 964 1333 1006 se
1360 943 1411 1004 in·

289 1030 432 1117 telligere
459 1053 557 1116 quare
584 1037 768 1094 constructa
788 1027 935 1108 fuissent;
965 1047 999 1090 se
1019 1025 1199 1090 libertatem
1227 1046 1317 1089 suarn
1340 1026 1410 1089 sive

288 1115 376 1181 bona
397 1136 455 1179 sua
481 1122 593 1178 contra
623 1113 765 1176 omnium
792 1110 958 1175 hominum
979 1109 1163 1174 violentiam
1186 1131 1259 1173 cum
1282 1109 1417 1173 divinae

290 1200 418 1285 pietatis
439 1197 560 1262 auxilio
582 1195 663 1262 velle
684 1194 863 1260 defendere.
907 1193 1053 1279 Cumque
1074 1195 1178 1257 nuntii
1198 1194 1319 1258 reversi
1340 1192 1411 1278 regi

290 1281 367 1348 talia
387 1281 579 1363 retulissent,
601 1281 726 1366 ipsique
748 1279 897 1363 quamvis
917 1276 1053 1341 multum
1074 1286 1276 1362 temptarent,
1299 1277 1416 1361 eiquo

292 1375 405 1450 rogata
439 1365 559 1429 faceret
592 1363 785 1450 persuadere
819 1383 885 1425 non
918 1362 1111 1447 potuissent3
1144 1363 1214 1447 ipse
1249 1362 1313 1424 iam
1347 1381 1412 1424 nec

291 1450 404 1513 amicis
431 1446 658 1527 familiaribus,
687 1447 762 1532 quia
787 1465 851 1508 non
872 1453 908 1508 ut
928 1444 1056 1510 volebat
1082 1445 1146 1510 sibi
1167 1445 1335 1509 eonsilium
1356 1444 1410 1508 de-

292 1533 413 1616 derant,
435 1531 532 1596 fidem
553 1530 675 1610 habuit,
698 1528 754 1593 sed
777 1528 925 1592 omnibus
947 1531 1077 1594 semotis
1099 1528 1185 1594 solus
1201 1550 1310 1594 secum
1332 1526 1412 1626 quid

292 1624 401 1700 ageret
428 1613 624 1696 deliberans,
653 1635 726 1677 oum
754 1633 814 1676 nec
841 1612 1012 1677 honestum
1033 1621 1173 1698 putaret,
1202 1622 1239 1676 nt
1264 1634 1356 1698 quasr
1376 1612 1413 1674 vi

292 1709 421 1764 coactus
443 1697 549 1762 subito
571 1696 699 1762 castella
720 1718 859 1782 suaper
886 1696 1004 1761 multos
1025 1718 1126 1760 annos
1154 1706 1337 1762 constructa
1357 1694 1410 1760 de·

292 1792 443 1864 strueret,
470 1803 530 1847 nec
556 1791 661 1846 tutum
690 1781 834 1846 crederet
862 1790 898 1844 ut
918 1803 993 1844 oum
1014 1783 1143 1866 paucis,
1173 1779 1291 1867 quibus
1312 1781 1411 1843 etiam

291 1868 355 1930 iam
383 1867 489 1930 minus
517 1865 646 1931 credere
675 1874 840 1951 coeperat,
867 1885 942 1928 cum
963 1873 1051 1929 tanto
1073 1865 1218 1928 exercitu
1239 1864 1281 1928 ad
1303 1863 1413 1928 omnia

293 1962 406 2037 parato
451 1949 605 2036 placitum
652 1948 783 2035 aliquod
826 1947 942 2013 adiret:
986 1949 1099 2035 paucis
1136 1948 1254 2035 quibus
1301 1949 1411 2033 ipsum

187 2048 246 2098 Aur.
261 2049 281 2090 ⁹·
293 2034 457 2099 castellum
481 2032 727 2100 commendabat
748 2033 921 2097 scientibus
944 2042 1042 2097 noctu
1062 2032 1239 2097 Saxoniam
1260 2029 1413 2112 deseruit,

294 2128 326 2183 et
351 2141 410 2205 per
437 2118 588 2203 confraga
615 2115 781 2197 silvarum,
814 2137 897 2202 quae
927 2137 1023 2202 saepe
1050 2115 1128 2180 dum
1155 2115 1243 2180 locos
1272 2113 1414 2180 castellis

293 2213 460 2300 quaereret
480 2209 715 2287 peragraverat,
735 2200 863 2282 fugiens
885 2198 926 2263 ad
941 2200 1113 2264 Franciam
1129 2201 1316 2265 orientalem
1331 2221 1411 2285 pau·

292 2306 337 2348 crs
366 2284 591 2348 comitantibus
616 2284 712 2348 venit.
757 2282 858 2347 Cuius
880 2283 990 2368 fugam
1011 2293 1047 2349 ut
1067 2285 1230 2369 principes
1258 2284 1410 2369 quicum

292 2389 330 2432 eo
357 2367 483 2431 fuerant
574 2376 720 2448 overunt,
753 2366 836 2431 male
865 2389 898 2431 se
927 2366 1068 2432 desertos
1097 2367 1252 2450 dicentes,
1281 2367 1322 2432 ad
1351 2387 1412 2430 sua

293 2451 428 2537 quisque
457 2451 482 2513 s'
519 2452 550 2466 ’'
578 2450 657 2535 fuga
681 2450 920 2516 festinaverunt.
965 2450 1056 2516 Haec
1084 2461 1191 2517 autem
1218 2451 1296 2537 fuga
1324 2450 1411 2515 facta

292 2545 341 2600 est
361 2546 444 2598 anno
466 2533 507 2598 ab
528 2536 744 2599 incarnatione
765 2535 899 2598 Domini
922 2533 1013 2600 1073.

376 2619 426 2687 28.
471 2619 646 2705 ¹Postquam
671 2641 746 2683 vero
773 2620 860 2704 regis
886 2619 1011 2704 fugam,
1039 2641 1123 2706 quae
1151 2618 1207 2682 diu
1229 2618 1323 2684 celari
1344 2639 1411 2682 non

292 2711 433 2787 poterat,
470 2701 613 2768 Saxones
648 2725 668 2766 a
714 2714 863 2784 overunt,
900 2703 945 2766 nil
977 2715 1137 2768 morantes
1173 2725 1228 2768 eos
1257 2703 1312 2788 qui
1349 2702 1413 2766 hoc

292 2785 473 2868 castellum,
501 2787 588 2872 quod
609 2787 702 2852 fac'c
735 2787 857 2852 destrui
887 2809 953 2851 non
984 2797 1125 2874 poterat,
1158 2788 1343 2852 obsiderent
1363 2786 1410 2850 ibi

291 2869 503 2956 reliquerunt3
526 2871 623 2936 ceteri
636 2893 713 2935 vero
734 2871 774 2935 ad
791 2881 895 2936 cetera
916 2871 1117 2953 destruenda,
1139 2893 1221 2958 quae
1242 2893 1308 2935 non
1329 2870 1413 2935 adeo

293 2964 383 3018 erant
403 2955 507 3036 fortia,
529 2965 747 3038 perrexenmt.
792 2954 933 3035 Quidam
960 2964 1067 3019 autem
1094 2978 1136 3020 ex
1157 2957 1237 3041 ipsis
1260 2953 1302 3019 ad
1323 2953 1409 3018 Thu·

292 3037 401 3121 ringos
427 3037 634 3116 transierunt,
667 3048 698 3102 et
730 3039 776 3101 eis
809 3049 909 3103 totam
941 3040 989 3103 rei
1017 3039 1131 3104 seriem
1163 3041 1412 3118 innotescentes,

293 3119 380 3204 ipsos
419 3121 453 3182 in
491 3142 583 3184 suam
618 3121 803 3191 societatem
840 3123 1048 3186 sacramentis
1086 3123 1168 3187 datis
1206 3133 1237 3188 et
1268 3124 1413 3208 acceptis

293 3201 516 3268 adiunxerunt.
554 3203 747 3289 Quicunque
775 3206 869 3269 etiam
896 3206 996 3291 prius,
1018 3205 1095 3271 dum
1116 3227 1175 3271 rex
1196 3215 1264 3272 erat
1284 3208 1318 3270 in
1339 3227 1411 3292 pro-

292 3287 415 3370 vincia,
445 3309 553 3352 secum
574 3289 679 3352 iurare
700 3310 766 3351 non
786 3290 856 3353 ausi
877 3291 1018 3371 fuerant,
1041 3311 1096 3354 eos
1117 3291 1181 3354 iam
1203 3313 1279 3375 rege
1299 3291 1413 3376 fugato

293 3381 348 3436 aut
376 3394 393 3436 e
420 3381 504 3436 terra
530 3392 589 3436 sua
609 3371 763 3456 fugiendo
784 3395 894 3456 regem
916 3373 1016 3459 sequi,
1039 3384 1095 3439 aut
1116 3396 1225 3440 secum
1246 3395 1304 3460 pro
1326 3385 1414 3438 terra

293 3475 352 3518 sua
373 3466 484 3520 contra
504 3477 612 3541 regern
634 3457 740 3520 iurare
761 3455 1005 3542 compellebant.

176 3540 213 3596 ἰ·
233 3545 283 3586 ³⁸⁹·
378 3540 441 3604 ¹29.
485 3539 546 3603 His
576 3540 725 3604 omnibus
757 3541 816 3604 rite
868 3542 999 3622 erectis,
1031 3539 1122 3605 brevi
1147 3550 1307 3627 tempore,
1336 3559 1412 3603 cum

294 3620 495 3708 Hartespurg
516 3622 680 3687 castellum
710 3646 824 3709 capere
881 3625 958 3688 isset
980 3622 1202 3688 difficillimum
1225 3664 1264 3674 -
1285 3645 1361 3689 nam
1383 3623 1412 3687 si

293 3705 328 3766 in
341 3701 413 3768 loeo
428 3707 621 3790 competenti
635 3718 741 3788 staret,
763 3707 864 3792 regali
877 3707 996 3793 palatio
1017 3706 1108 3772 locus
1121 3707 1256 3774 idoneus
1271 3716 1355 3774 esset
1369 3745 1409 3758 -

294 3799 327 3853 et
352 3785 431 3851 illud
453 3788 612 3854 dimittere
640 3791 754 3855 fuisset
782 3791 869 3854 omni
891 3790 1052 3857 Saxoniae
1078 3792 1306 3877 periculosum,
1335 3791 1415 3878 quia

294 3871 321 3936 si
341 3869 408 3935 illio
428 3893 521 3936 escae
549 3883 672 3938 tantum
694 3883 910 3960 comportatae
939 3885 1060 3958 essent,
1093 3876 1268 3962 quamlibet
1288 3875 1414 3960 ingenti

294 3956 450 4020 exercitui
470 3955 686 4042 insuperabile
707 3966 859 4041 maneret,
881 3957 968 4023 aliud
988 3959 1152 4024 castellum
1165 3981 1268 4047 acque
1282 3959 1412 4023 firmum

295 4049 556 4121 construxerunt,
585 4042 619 4104 in
642 4062 705 4126 quo
726 4044 840 4128 positis
860 4064 920 4127 per
940 4044 1030 4107 vices
1051 4043 1236 4128 praesidiis,
1265 4043 1414 4108 hostibus

293 4123 415 4188 auxilia
435 4123 486 4189 vel
507 4123 658 4190 alimenta
683 4127 792 4191 venire
812 4125 1053 4213 prohibuerunt.
1097 4127 1162 4192 Sed
1188 4126 1235 4190 illi
1255 4147 1414 4190 nonnum-

294 4229 392 4293 quam
420 4208 498 4272 dum
520 4208 704 4274 Senonibus
731 4209 772 4274 ad
798 4232 920 4274 novum
946 4207 1111 4274 castellum
1138 4210 1335 4275 deferrentur
1356 4209 1415 4274 ali-

294 4301 414 4373 menta,
443 4293 549 4358 subito
571 4303 744 4380 eruperunt
765 4304 797 4359 et
818 4295 922 4360 intrar
947 4315 1023 4358 suos
1051 4315 1159 4358 muros
1191 4313 1229 4358 ea
1251 4293 1416 4379 deportari

297 4460 321 4514 a)
337 4463 399 4504 intra
414 4465 435 4505 ι.

44 4524 131 4545 ..ὁ
