3116 4822
599 353 814 406 PRAEFATIO.
1190 354 1270 406 XVII

150 520 267 588 stallae
302 527 318 605 (
321 520 402 586 1106
403 524 420 600 )
453 541 520 584 esse
542 521 686 606 factam.
730 523 771 586 In
800 544 863 608 quo
891 521 1030 588 concilio
1063 545 1135 586 cum
1155 544 1272 586 omnes

151 609 309 692 episcopi,
339 607 397 690 qui
428 606 625 688 temporibus
654 605 790 672 discidii
814 608 881 670 sive
907 609 1092 672 schismatis
1125 607 1275 670 ordinati

152 699 259 771 erant,
288 689 482 753 auctoritate
504 712 619 774 papae
646 691 931 773 confirmarentur,
962 694 1020 777 qui
1048 691 1177 776 quidem
1204 713 1270 754 non

147 797 212 862 per
229 774 393 874 fraudem
422 774 604 839 introducti
631 774 680 838 vei
708 775 855 840 scelerati
876 775 926 839 vet
948 778 1136 841 simonistac
1158 783 1275 854 essent,

22 905 27 915 ·
152 881 221 924 non
243 880 364 922 murum
386 866 440 939 est,
463 858 550 942 quod
570 861 611 940 is,
631 860 688 943 qui
708 867 799 924 tanto
821 859 929 925 studio
953 883 992 925 ac
1014 860 1175 925 desiderio
1198 861 1272 923 uni-

17 1002 18 1012 ,
40 983 49 995 11
153 952 252 1006 tatem
268 941 421 1006 ecciesiae
442 943 662 1026 appetivisset,
684 951 772 1007 statu
792 967 901 1009 rerum
922 953 1055 1025 mutato,
1079 943 1125 1008 ad
1144 964 1273 1027 paparo

141 1029 267 1092 'animo
289 1025 474 1090 inclinavit.

240 1111 331 1174 Haec
367 1131 450 1195 quae
486 1110 525 1174 de
557 1112 626 1174 vita
654 1109 826 1176 Waltrami
861 1111 954 1176 nobis
990 1111 1109 1176 titteris
1144 1111 1272 1174 tradita

155 1203 243 1276 sunt,
275 1195 305 1258 si
340 1217 413 1258 cum
448 1195 492 1258 iis
527 1194 623 1259 rebus
655 1217 883 1279 comparamus
919 1218 1002 1280 quas
1038 1196 1078 1260 de
1114 1195 1276 1280 scriptore

156 1280 256 1344 iuius
290 1278 463 1363 apoiopiae
496 1300 536 1341 erc
568 1281 640 1343 eius
668 1282 683 1344 i
708 1281 779 1344 sius
810 1279 894 1343 libro
925 1281 1091 1361 audimus,
1117 1281 1147 1343 si
1175 1301 1275 1364 quae·

154 1364 269 1441 rimus,
291 1371 401 1426 utrum
425 1361 625 1427 Waltramus
645 1363 669 1428 a
688 1385 761 1426 rum
783 1365 952 1447 scripserit
974 1385 1084 1443 neone,
1105 1385 1157 1428 res
1180 1363 1278 1427 nobis

153 1449 203 1510 ita
220 1446 443 1511 diiudicanda
461 1456 523 1510 est:
541 1447 647 1511 Multa
668 1456 745 1511 sunt
763 1447 882 1532 quibus
899 1448 1123 1530 adducamur,¹
1134 1457 1171 1511 ut
1187 1447 1272 1512 Wai-

152 1541 294 1596 tramum
315 1530 434 1595 librum
455 1533 513 1616 qui
531 1540 576 1594 est
598 1532 640 1596 de
654 1533 780 1596 unitate
802 1531 873 1596 ecci.
891 1554 978 1596 cons.
1001 1533 1171 1616 scripsisse
1188 1531 1278 1596 arbi·

154 1623 287 1696 tremur,
309 1615 395 1678 nihil
411 1625 458 1678 est
474 1638 537 1700 quo
555 1617 786 1700 impediamur,
809 1619 984 1701 quominus
1002 1617 1061 1680 doc
1080 1625 1273 1680 statuamus.

155 1697 223 1764 Sed
254 1721 359 1764 causa
393 1722 459 1763 non
492 1708 607 1780 eadat,
640 1723 708 1785 qua
729 1722 887 1784 copamur
914 1701 1031 1781 dicere,
1059 1701 1274 1766 Waitramum

154 1782 248 1846 ilium
274 1782 395 1848 librum
427 1785 608 1866 scripsisse,
640 1806 699 1847 neo
729 1807 881 1868 umquam
913 1785 1060 1866 vastabit,
1092 1787 1160 1850 nisi
1182 1785 1280 1868 for-te

157 1866 245 1931 atius
274 1867 374 1932 cadero
401 1869 592 1952 reperietur,
622 1869 680 1952 qui
706 1867 824 1932 habeat
852 1891 967 1933 nomen
994 1871 1148 1933 auctoris.
1195 1867 1275 1934 Cum

156 1953 263 2036 ipitur
290 1973 346 2016 res
373 1953 510 2037 pravior
539 1953 591 2033 sit,
619 1975 717 2037 paam
746 1961 782 2016 ut
808 1952 872 2016 levi
899 1955 1088 2017 coniectura
1106 1953 1280 2037 pendatur

155 2035 332 2120 meliusque
359 2039 397 2100 in
423 2058 458 2098 re
486 2035 589 2102 dubia
611 2045 765 2120 peccetur
791 2039 829 2100 in
858 2059 929 2100 eam
945 2045 1087 2120 partem,
1116 2059 1200 2122 quae
1228 2045 1278 2101 est

157 2121 298 2200 camier,
341 2142 419 2184 uam
441 2142 524 2204 quac
542 2129 587 2184 est
603 2121 774 2203 audacior,
794 2123 892 2186 etiam
906 2143 967 2186 nos
988 2121 1073 2185 litem
1096 2122 1193 2206 quasi
1214 2121 1273 2184 sub

155 2205 266 2268 iudice
288 2141 512 2289 rdinquimus.
556 2205 707 2268 Attamen
735 2205 794 2269 doc
815 2205 909 2270 nobis
930 2207 1097 2286 sumimus,
1118 2214 1185 2269 tam
1205 2207 1275 2269 veri

156 2288 262 2353 simite
299 2310 378 2367 esse,
420 2287 635 2354 Wattramum
674 2293 865 2374 scriptorem
903 2287 981 2354 libri
1019 2291 1126 2354 nostri
1150 2288 1275 2374 fuisse,

158 2381 194 2436 ut
223 2374 253 2436 ei
281 2372 433 2458 pieriam,
464 2395 562 2518 paam
590 2373 654 2436 sibi
680 2372 838 2459 apotopia
868 2376 1057 2458 consors‘pta
1081 2375 1220 2459 paravit
1246 2382 1275 2438 et

158 2479 225 2542 qua
257 2479 358 2541 usque
392 2457 438 2520 ad
490 2479 555 2521 unc
587 2457 672 2520 diem
704 2457 795 2521 nulio
822 2467 1030 2544 repupnante
1048 2457 1187 2542 fructus
1219 2466 1275 2540 est,

153 2551 368 2624 praereptam
396 2540 548 2606 nolimus.
593 2539 637 2603 At
660 2542 850 2626 nequidem
872 2541 1085 2607 Hersvddiae
1106 2564 1207 2628 usque
1229 2543 1279 2606 ad

158 2646 233 2708 cap.
257 2625 306 2688 14.
335 2624 413 2688 iibri
434 2625 479 2705 II,
515 2625 593 2688 inde
621 2564 662 2688 ai
689 2625 747 2690 doc
775 2627 882 2708 capite
910 2626 1100 2712 Numburpi
1131 2628 1274 2710 scripsit.

157 2708 248 2772 Nam
275 2711 392 2774 insunt
419 2711 457 2772 in
471 2753 473 2760 ,
487 2731 561 2794 cap.
585 2706 634 2775 15.
661 2708 741 2772 iibri
762 2709 808 2772 ΙΙ.
834 2709 1006 2792 nonnulla,
1035 2731 1119 2794 quae
1146 2711 1274 2774 indicio

157 2802 245 2873 suut,
277 2795 359 2858 satis
390 2791 525 2878 lonpum
553 2791 764 2858 intervalium
792 2795 945 2878 temporis
973 2795 1175 2858 interiectum
1207 2816 1277 2858 esse

157 2878 244 2942 inter
264 2878 323 2942 icoc
338 2886 440 2961 caput
461 2885 490 2941 et
504 2879 619 2962 capita
641 2900 724 2962 quae
746 2887 936 2962 sequuntur.
970 2879 1041 2944 Hoc
1056 2878 1142 2942 enim
1157 2881 1274 2963 capite,

158 2963 254 3025 cuius
281 2963 317 3025 in
346 2963 443 3026 initio
472 2961 558 3026 idem
579 2963 710 3026 verbum
731 2961 916 3048 Aupustini
935 2963 1041 3028 iocum
1062 2963 1165 3045 habet,
1188 2963 1278 3050 quod

157 3045 252 3110 nobis
279 3070 306 3110 c.
330 3047 358 3109 1.
387 3045 443 3110 tib.
466 3045 493 3108 I.
523 3049 676 3126 occurrit,
704 3047 807 3110 multa
835 3049 1029 3131 repetuntur
1057 3071 1141 3134 quae
1168 3069 1274 3134 supra

158 3131 249 3193 dicta
275 3139 381 3211 eraut,
410 3131 727 3214 comprehenduntur
755 3153 838 3216 quae
867 3131 1062 3218 sinpidatim
1089 3141 1186 3196 antea
1219 3133 1272 3196 erc-

151 3216 269 3300 posita
290 3222 395 3278 mant.
438 3213 573 3278 Accedit
593 3215 681 3298 quod
702 3237 742 3280 ca
768 3225 804 3278 ut
827 3215 875 3280 17.
902 3215 1027 3280 libriI.
1050 3219 1279 3300 scriptumest

159 3307 234 3362 ante
255 3297 359 3379 finem
387 3301 472 3362 anni
496 3298 587 3378 1090,
620 3321 692 3382 cap.
719 3239 765 3363 ld
795 3298 873 3364 libri
895 3301 940 3382 II,
966 3310 1107 3385 tempore
1134 3301 1275 3364 duorum

147 3381 226 3466 fere
254 3405 419 3446 annorum
438 3383 616 3462 interiecto,
639 3405 729 3447 anno
757 3384 850 3446 1092.
897 3383 988 3458 Quae
1020 3385 1218 3448 intermissio
1253 3408 1277 3448 a

158 3466 329 3530 scribendo
347 3465 450 3550 facta
477 3489 544 3531 esse
572 3467 701 3531 videtur
728 3469 845 3532 itinere
865 3469 1097 3554 Numburpum
1118 3478 1278 3553 suscepto.

243 3550 340 3614 Liber
366 3573 441 3615 vero
471 3573 487 3613 s
516 3551 620 3615 tribus
640 3552 798 3636 partibus
825 3561 958 3632 constat,
1009 3575 1130 3618 aarum
1157 3555 1274 3638 prima

156 3633 387 3718 refutationem
419 3635 578 3720 epistulae
612 3635 652 3699 ab
689 3635 916 3700 Hildebrando
953 3660 974 3699 a
1034 3636 1275 3702 Herimannum

157 3720 346 3803 episcopam
364 3719 537 3784 Metenseni
558 3721 677 3784 missae
697 3722 846 3801 continet,
867 3724 904 3786 in
926 3744 1067 3807 quarum
1089 3721 1194 3786 attera
1216 3725 1274 3788 im

153 3811 365 3888 pupnature
391 3803 491 3867 istuia
513 3805 666 3868 monachi
686 3805 859 3868 cuiusdam
883 3806 1137 3891 Hirsaupiensis
1158 3816 1274 3871 contra

162 3885 349 3964 Clementem
360 3826 424 3951 ill.
441 3910 582 3972 papam,
605 3890 642 3952 in
658 3911 798 3973 quarum
812 3892 919 3972 tertia,
937 3913 1020 3975 quae
1035 3913 1102 3956 non
1118 3891 1275 3974 adfinem

159 3970 259 4035 ducta
281 3981 336 4050 est,
360 3973 474 4056 apitur
493 3972 532 4036 de
553 3973 588 4036 vi
609 3983 896 4038 sacramentorum.

246 4057 273 4118 1.
317 4055 494 4141 Postquam
515 4055 682 4120 Henricus
703 4057 761 4120 IV.
778 4061 989 4141 paenitentia
1013 4057 1176 4124 Oanossae
1199 4067 1274 4122 acta

158 4141 365 4203 anathemate
388 4162 420 4204 se
442 4140 545 4221 solvit,
567 4161 675 4224 papa,
704 4142 762 4226 qui
783 4141 869 4206 nihii
891 4142 987 4206 atiud
1008 4142 1183 4226 spectabat,
1206 4145 1278 4206 nisi

159 4233 195 4288 ut
211 4220 424 4288 Germaniam
445 4227 482 4289 in
498 4225 562 4288 duo
584 4247 689 4310 repna
710 4225 869 4289 divide-ret
891 4227 1079 4310 divisaeque
1100 4229 1275 4311 imperium

159 4316 394 4394 assequeretur,
421 4317 610 4374 conventum
640 4330 737 4395 apere
765 4311 803 4374 in
832 4310 893 4374 isac
921 4319 1012 4374 terra
1041 4311 1215 4394 constituit,
1237 4313 1275 4375 in

1020 4411 1043 4462 B
