3114 4814
346 372 397 423 Du
416 371 577 423 unlru'rs
598 371 804 423 Eoonnsms
825 371 1100 423 CONSERVANDA.
1248 371 1283 420 89

247 539 299 605 25.
343 538 409 605 Sed
440 561 483 604 ex
514 539 565 602 bis
599 537 748 602 omnibus
777 539 949 625 episcopis,
976 540 1032 625 qui
1060 537 1112 604 vel
1141 539 1284 605 damnati
1295 561 1374 617 (xxv)

158 625 286 690 inierant
305 622 357 689 vel
379 621 527 708 depositi,
549 645 632 687 unus
650 633 784 705 tantum,
806 621 929 688 scilicet
945 622 1058 687 Benno
1081 623 1285 689 Misniensis²

161 711 345 795 episeopus,
366 709 457 773 venit
475 707 518 771 ad
539 707 650 772 sedem
671 705 882 794 apostolicam
908 729 968 792 pro
991 729 1098 772 errore
1123 729 1181 772 suo
1204 711 1285 794 peti-

160 801 253 857 turus
276 792 414 872 veniam,
437 813 535 878 quam
558 803 589 856 et
610 792 788 877 promeruit
809 791 968 876 accipere,
991 793 1082 856 iuxta
1126 792 1192 857 uod
1212 795 1285 880 ipss

160 886 265 942 mater
301 877 445 940 omnium
478 873 685 940 ecclesiarum
721 875 868 940 Romana
903 875 1041 941 eeclesia
1076 813 1178 940 soleat
1213 901 1284 942 sese

158 959 399 1047 appellantibus
422 959 578 1046 quicquid
592 960 721 1045 pietatis
737 969 785 1025 est
807 981 934 1045 semper
949 961 1073 1042 offerre,
1096 961 1187 1059 quia:
1210 975 1285 1028 Sicos

159 1060 192 1112 irs
217 1060 386 1111 contumacia
409 1057 610 1125 persistentibus
638 1057 758 1110 conuenit
784 1075 832 1110 nos
861 1073 916 1110 ease
941 1073 1054 1120 severos,
1082 1053 1128 1108 alt
1155 1053 1285 1108 sanetus

160 1149 251 1213 papa
272 1126 460 1212 GregoriUS,
482 1141 520 1194 sic
544 1141 641 1192 iterum
664 1141 812 1192 humiliatis
830 1149 855 1192 et
868 1139 1063 1207 poenitentibus
1082 1159 1180 1210 uapore
1199 1143 1285 1194 locum

159 1224 256 1277 senice
274 1243 328 1276 ooo
346 1225 479 1279 dehemus.
516 1208 605 1293 Ergo
628 1206 777 1274 Clemens
799 1228 885 1293 papa
905 1209 1122 1293 poenitentem
1146 1211 1284 1296 benigne

158 1293 305 1379 suscepit
331 1305 363 1358 et
392 1293 574 1358 confessum
607 1313 666 1390 pro
698 1314 806 1357 errore
839 1314 897 1356 suo
929 1293 1103 1357 honorifice
1135 1297 1286 1360 tractavit

160 1376 401 1464 abeuntemque
432 1399 506 1442 cum
538 1377 638 1440 literis
667 1376 862 1462 apostolicae
891 1375 977 1440 sedis
1009 1376 1052 1441 ad
1084 1377 1284 1442 Henrichum

157 1462 387 1547 imperatorem
408 1461 504 1541 misit,
527 1482 623 1546 quem
645 1470 677 1526 et
691 1463 761 1546 ipse
775 1459 912 1526 libenter
925 1461 1089 1547 accipiens
1103 1471 1284 1527 correctum

160 1545 285 1611 dimisit
312 1545 413 1612 libere
440 1545 529 1610 abire
556 1545 590 1608 in
620 1545 844 1631 episcopatum
874 1566 981 1608 suum.
1025 1545 1091 1610 Sed
1118 1545 1172 1610 illa
1194 1548 1286 1610 satis·

158 1628 257 1694 factio
279 1631 402 1695 utinam
423 1629 632 1714 fueritpure,
655 1651 791 1714 syncera
809 1639 907 1716 atque
928 1628 1097 1710 catholica,
1121 1631 1283 1716 quoniam,

160 1715 245 1778 sicul
265 1713 379 1778 scribit
398 1715 484 1778 ΙιθοΙ
508 1734 609 1799 papa:
638 1725 849 1778 Soluberrimom
874 1735 912 1778 est
936 1736 961 1778 et
985 1727 1115 1794 spiritalis
1137 1730 1285 1782 medicatae

160 1803 410 1870 imperspicuum,
429 1812 468 1868 ot,
487 1803 639 1870 quicunque
657 1817 685 1851 se
704 1807 831 1851 correctos
850 1799 937 1852 videri
951 1802 1052 1866 poliunt,
1073 1819 1187 1855 errorem
1206 1821 1287 1854 suum

160 1884 186 1929 et
209 1877 282 1942 ipsos
306 1877 405 1929 erroris
430 1883 549 1928 auctores
574 1873 702 1926 damnari
727 1890 745 1923 o
767 1889 795 1924 se
813 1873 961 1938 fateantur
979 1875 1036 1926 aas
1056 1875 1236 1942 ambiguitate,
1254 1885 1285 1927 ut

159 1951 266 2001 nullum
291 1949 415 2002 ecelesiae
433 1951 576 2002 membrum
597 1945 742 2014 peremptis
766 1947 884 1998 sensibus
906 1963 1012 2012 prooem
1029 1947 1184 2000 intentionis
1198 1949 1285 2015 possit

159 2031 258 2084 υἰοιαη·
282 2033 377 2084 talium
401 2033 530 2084 societate.
571 2015 656 2079 Nam
685 2023 810 2078 certum
838 2022 897 2095 est,
925 2014 1063 2079 eundem
1093 2017 1284 2102 episcopum

159 2099 350 2164 Bennonem
371 2099 450 2163 nihil
465 2099 577 2164 deince
602 2098 768 2164 sviriliter
790 2097 895 2182 egisse
917 2119 992 2162 cum
1008 2099 1285 2186 comprovinciali·

160 2181 222 2248 bus
233 2183 523 2282 pseudoepiscopis
534 2123 674 2248 volsum
686 2182 886 2268 principibus
899 2182 1062 2250 Senoniae
1073 2205 1132 2269 pro
1148 2205 1285 2249 conven-

159 2268 247 2333 tione
262 2279 295 2334 et
308 2269 417 2332 studro
436 2271 526 2353 pacis
542 2267 790 2348 ecclesiasticae,
807 2265 917 2352 quales
932 2268 1084 2333 dicuntur
1102 2290 1122 2332 a
1141 2269 1283 2334 Domino

158 2373 219 2438 per
239 2351 395 2416 Hesaiam
416 2353 609 2439 prophetam
631 2349 856 2436 ‘speculatores
876 2353 974 2434 caeci,
997 2373 1092 2418 canes
1106 2353 1197 2436 muti,
1218 2375 1284 2418 non
1293 2370 1334 2412 a·
1343 2370 1379 2422 ⁶⁶,
1388 2371 1425 2410 1⁰·

159 2437 305 2502 valentes
320 2435 455 2518 latrare’3
476 2437 640 2523 quoniam,
656 2437 740 2500 siout
755 2433 924 2499 Gelasius¹
942 2459 1030 2522 papa
1050 2437 1172 2518 scribit,
1193 2459 1285 2522 prae-

159 2521 396 2586 varicatoribus
411 2522 524 2606 utique
539 2521 707 2600 consentit,
723 2519 868 2605 quisquis
883 2522 1090 2606 suggestione
1102 2542 1167 2608 qua
1178 2531 1285 2607 potest

160 2627 226 2670 non
244 2606 374 2687 resistit,
397 2627 421 2672 et
444 2619 491 2686 qui
508 2617 576 2670 alios
600 2619 634 2671 ob
661 2635 750 2670 errore
768 2635 823 2668 nou
847 2627 961 2683 revocat,
981 2637 1009 2670 se
1027 2619 1124 2685 pssum,
1147 2628 1180 2668 ln
1204 2609 1284 2688 uli³‚

160 2721 252 2756 orsam
270 2705 441 2757 demonstrat.
475 2686 626 2753 Ceterum
649 2685 923 2772 praevaricatores
943 2685 1181 2754 ecclesiastieae
1215 2693 1285 2774 egis

160 2773 316 2860 episcopi,
347 2772 403 2859 qui
430 2772 464 2834 in
493 2771 680 2858 supradicta
709 2767 833 2854 synodo
863 2779 938 2833 sunt
967 2769 1107 2856 depositi
1136 2783 1168 2837 et
1197 2776 1285 2838 omni

157 2855 377 2936 ,ecelesiastica
398 2855 554 2942 dignitate
576 2856 706 2942 privati,
728 2853 918 2917 sententiam
933 2852 1143 2939 depositionis
1166 2879 1243 2922 suae
1265 2879 1285 2922 a

161 2939 237 3007 sede
264 2940 442 3028 apostolica
468 2937 898 3026 prolatamparvipendunt,
920 2946 953 3002 et
974 2940 1145 3024 superbiae
1167 2943 1285 3028 spiritu

159 3022 273 3107 inflati,
294 3048 359 3089 non
375 3024 477 3088 solum
492 3025 629 3090 vetitum
650 3023 713 3088 sibi
736 3021 878 3086 officium
899 3043 980 3086 ausu
1001 3025 1172 3089 temerario
1194 3049 1284 3090 usur·

184 3118 249 3191 ant,
279 3109 336 3174 sed
365 3109 462 3174 etiam
489 3107 666 3174 secundum
696 3127 834 3170 canones
857 3127 1043 3172 concessam
1066 3109 1135 3174 sedi
1156 3120 1284 3196 aposto-

160 3130 243 3258 licae
269 3203 464 3278 potestatem
495 3203 654 3258 conantur
685 3191 808 3275 eripere
841 3199 873 3254 et
905 3191 1036 3256 sibimet
1067 3215 1138 3257 eam
1171 3206 1284 3260 contra

160 3299 300 3342 canones
322 3277 520 3342 contendunt
540 3297 714 3363 usurpare;
740 3273 879 3361 ideoque
900 3274 1123 3362 frequentibus
1145 3301 1282 3344 conven-

159 3361 266 3426 ticulis
293 3362 414 3447 pariter
438 3370 472 3425 et
499 3362 628 3447 scriptis
657 3359 868 3423 firmaverunt
895 3358 959 3424 sibi
985 3359 1071 3424 huno
1100 3383 1281 3427 sermonem

159 3467 311 3545 nequam,
334 3455 447 3510 utnon
461 3447 564 3531 possit
577 3445 724 3509 Romana
738 3441 875 3508 ecelesia
896 3440 994 3508 alium
1016 3443 1135 3510 habere
1149 3468 1280 3532 papam,

159 3529 223 3593 nisr
252 3531 294 3593 sit
320 3552 362 3594 ex
389 3541 481 3616 parte
508 3528 740 3614 suiGregorii,
770 3528 826 3614 qui
848 3525 925 3592 velit
944 3529 1094 3593 resistere
1116 3530 1281 3596 Henricho

161 3613 241 3698 regi,
268 3613 367 3678 immo
397 3613 525 3678 divinae
554 3611 756 3694 ordinationi,
779 3612 834 3698 qui
857 3611 952 3676 etiam
975 3611 1053 3676 velit
1074 3613 1182 3678 sedem
1205 3637 1282 3702 apo·

162 3696 309 3763 stolioam
324 3695 475 3762 invadere
491 3707 603 3762 contra
619 3697 826 3782 Wigbertum
847 3695 1033 3782 pontificem
1048 3697 1152 3797 ipsius
1166 3697 1282 3763 Roma·

160 3804 221 3846 nae
243 3780 408 3846 ecclesiae.
452 3781 517 3846 Sed
539 3779 638 3845 velint
663 3780 765 3845 nolint
785 3790 894 3865 partes
916 3779 1182 3863 adversamorum,
1205 3805 1283 3848 ecce

161 3867 245 3930 sacri
263 3886 401 3930 canones
416 3865 660 3946 constituerunt,
682 3865 780 3928 totius
802 3862 958 3930 ccclesiae
980 3865 1213 3952 appellationes
1228 3867 1283 3932 de-

161 3950 238 4014 ferri
263 3949 306 4014 ad
334 3971 472 4014 examen
501 3949 586 4013 sedis
613 3947 819 4034 apostolicae,
849 3948 891 4013 ab
918 3949 990 4034 ipsa
1016 3973 1093 4014 vero
1122 3973 1282 4036 nusquam

159 4056 293 4121 prorsus
315 4054 356 4119 ap
382 4032 471 4098 ellari
493 4032 612 4098 debere
626 4041 818 4113 sanxerunt;
840 4055 880 4096 ac
900 4055 958 4118 per
976 4033 1036 4097 hoc
1051 4032 1139 4098 illam
1161 4034 1200 4099 de
1215 4044 1283 4100 tota

159 4117 298 4185 ecelesia
318 4057 472 4201 iudicare,
495 4119 601 4204 ipsam
622 4137 699 4183 vero
722 4115 764 4180 ad
786 4115 902 4181 nullius
923 4117 1079 4182 iudicium
1102 4139 1282 4183 commeare

158 4261 185 4316 a)
199 4264 334 4304 narnensis
350 4265 371 4306 l.

162 4357 189 4423 1)
205 4360 352 4410 Hinschius
365 4359 383 4412 Ι.
396 4375 420 4410 c.
437 4378 463 4428 p.
475 4361 538 4414 615.
595 4356 625 4428 2)
642 4358 683 4411 of.
695 4357 773 4409 Tbiel
792 4376 819 4425 p.
830 4357 894 4410 410.
950 4359 979 4424 3)
998 4359 1100 4412 Locum
1114 4376 1168 4412 non
1180 4361 1283 4413 inveni.
