3114 4814
270 361 322 411 102
459 361 508 412 DE
528 359 687 412 UNITATE
707 360 912 413 cacanslnn
933 359 1209 414 CONSERVANDA.

264 535 378 619 miqra
399 535 436 596 ia
451 539 588 596 montem
609 531 692 594 sicta
709 531 848 614 passeri
870 529 904 593 id
925 539 974 594 est
994 529 1077 592 sicut
1097 526 1247 612 prudens.
1280 523 1390 588 Latuit

264 619 353 682 enim
368 615 421 680 hic
436 613 599 680 Adelberc
620 615 654 677 in
671 613 827 679 altissima
842 613 982 701 quadam
1002 613 1189 694 munitione,
1212 629 1295 696 quae
1310 608 1388 673 dici-

266 711 321 766 tur
346 701 460 766 Latine
483 699 695 779 Mons-vinis
725 709 758 764 et
778 697 854 762 licet
876 700 1004 785 saepius
1027 697 1193 762 offerretur
1215 695 1245 760 ei
1266 692 1387 778 legatio

268 786 425 850 chrichi
446 787 490 848 im
514 784 648 848 cratoris
679 791 712 846 et
740 783 932 868 supplicatio
955 783 1121 847 commissi
1142 780 1260 866 gregis,
1282 787 1319 842 ut
1339 800 1387 843 re·

267 879 445 936 verteretur
465 807 513 933 ad
522 867 701 932 custodiam
716 869 922 954 episcopatus
937 867 996 948 sui,
1018 865 1121 930 noluit
1138 875 1245 930 tamen
1259 865 1386 928 reverti.

268 955 356 1020 Eece
385 955 496 1019 scribit
527 951 672 1016 Isidorus
710 953 906 1040 episcopus²
936 953 968 1015 in
998 951 1027 1016 8.
1057 949 1137 1016 libro
1165 946 1385 1033 Etymologia·

267 1062 353 1104 rum:
376 1053 508 1114 Montani,
527 1038 686 1124 inquient,
712 1051 820 1103 heretici
843 1051 908 1103 dicti
931 1059 1007 1114 sunt,
1031 1050 1102 1115 quod
1127 1056 1241 1114 tempore
1261 1064 1386 1114 persecu·

267 1128 347 1180 tionis
371 1128 401 1178 in
425 1125 555 1181 montibus
581 1128 716 1178 latuerunt
740 1133 765 1177 et
788 1143 819 1177 eo
846 1125 982 1176 occasione
1004 1139 1031 1174 se
1058 1140 1075 1172 a
1101 1121 1244 1174 catholicae
1263 1121 1386 1174 eeclenae

268 1226 377 1276 corpore
396 1205 551 1264 divisarum.
590 1193 686 1274 Quod
705 1193 732 1256 si
745 1191 824 1258 tales
839 1193 968 1257 fuerunt
988 1190 1121 1254 heretici
1141 1189 1300 1275 fugientes
1316 1211 1387 1286 per·

268 1278 477 1356 secutionem,
507 1276 586 1362 quid
618 1277 674 1360 illi,
704 1278 761 1362 qui
789 1276 924 1341 oderunt
951 1297 1065 1362 pacem
1095 1283 1127 1338 et
1153 1281 1267 1360 sponte
1294 1272 1386 1336 drmi-

268 1372 379 1426 semmt
400 1359 553 1426 ecclesiae
575 1359 752 1428 unitatem?
785 1360 866 1441 Quis
881 1382 958 1426 vero
981 1358 1140 1424 custodiet
1161 1380 1238 1424 oves
1260 1357 1387 1442 alupo-

267 1468 340 1510 rum
368 1443 503 1526 insidiis,
533 1447 662 1592 quando
693 1445 812 1510 deserit
844 1467 899 1510 eas
928 1465 1006 1509 cura
1034 1441 1196 1528 pastoris?
1241 1457 1302 1520 aaa
1327 1473 1387 1509 con·

269 1545 388 1609 scientia,
408 1529 513 1614 inquil
563 1552 600 1594 θο
622 1539 738 1617 papa³,
760 1545 884 1596 bonorem
910 1545 961 1594 sibi
984 1542 1127 1596 sacerdotii
1144 1540 1305 1608 praestitum
1324 1557 1385 1622 oen·

270 1627 369 1692 dicant,
395 1627 441 1694 qui
455 1645 507 1694 pro
528 1629 668 1680 animabus
689 1628 740 1680 sibi
757 1627 863 1679 creditis
882 1644 936 1677 non
956 1625 1098 1678 laboranti
1134 1623 1312 1688 Conciderant,
1331 1616 1386 1689 ati,

270 1701 363 1753 milites
390 1700 494 1766 Christi,
522 1702 615 1754 iccirco
646 1719 673 1753 se
699 1701 792 1753 cotidie
817 1701 924 1751 calicem
951 1698 1048 1750 Christi
1072 1698 1212 1766 sanquinis
1238 1696 1331 1762 bibere,
1357 1705 1387 1749 ut

265 1783 370 1849 possint
396 1789 420 1834 et
442 1783 495 1849 ipsi
518 1792 626 1850 propter
645 1784 776 1836 Cbristum
801 1783 957 1852 sanquinem
968 1782 1097 1849 fundere.
1136 1767 1209 1829 Hoc
1230 1775 1280 1828 est
1301 1767 1388 1829 enim

269 1849 350 1916 velle
378 1871 452 1914 cum
480 1851 609 1918 Christo
637 1853 784 1933 inveniri,
811 1849 846 1914 id
875 1848 961 1936 quod
989 1847 1135 1914 Christus
1164 1858 1197 1914 et
1225 1849 1335 1914 docuit
1357 1858 1389 1914 et

126 1935 347 2005 1-1011·2‚⁶·fecit
367 1935 496 2018 imitari,
518 1937 694 2001 secundum
716 1935 892 2002 Iohannem
914 1932 1095 2020 apostolum
1118 1933 1291 1998 dicentem:
1322 1932 1388 2010 Qui

271 2021 351 2085 dicit
379 2043 411 2084 se
439 2023 476 2084 in
502 2020 629 2086 Christo
659 2043 801 2101 manere,
832 2019 919 2082 debet
947 2019 1102 2103 quomodo
1131 2017 1185 2083 iile
1209 2017 1389 2083 ambulavit

270 2115 300 2170 et
319 2107 389 2188 ipse
413 2105 589 2170 ambulare.
632 2105 720 2190 Ergo
751 2103 898 2170 Christus
924 2101 1056 2166 daturus
1083 2104 1272 2189 sanguinem
1293 2125 1386 2168 suum

269 2209 329 2275 pro
345 2187 445 2253 salute
460 2191 559 2254 totius
574 2189 686 2254 mundi
707 2189 839 2254 intravit
853 2185 1058 2250 Hierusalem
1081 2209 1154 2251 cum
1173 2187 1286 2269 turbis,
1305 2208 1387 2273 quae

269 2271 507 2358 praecedebant
533 2282 564 2336 et
593 2295 675 2359 quae
703 2273 918 2358 sequebantur
940 2269 1114 2336 clamantes
1137 2271 1278 2352 Osanna,
1306 2293 1388 2371 quac

271 2365 303 2420 et
325 2355 510 2422 sternebant
528 2359 558 2421 ei
579 2359 612 2420 in
626 2359 680 2422 via
694 2359 884 2422 vestimenta
899 2377 966 2437 sua,
988 2354 1177 2420 humilitatis
1200 2367 1233 2422 et
1247 2357 1387 2422 iustltiae

270 2441 419 2523 insignia,
447 2441 541 2506 simul
573 2451 605 2506 et
629 2464 736 2506 ramos
762 2439 951 2526 palmarum,
984 2441 1228 2524 praetendentes
1260 2441 1388 2540 pietatis

273 2546 381 2610 opera.
423 2525 488 2591 Sed
503 2525 668 2590 Adeibero
689 2525 833 2590 introivit
855 2545 929 2588 cum
943 2523 1020 2588 viris
1042 2527 1235 2610 sanguinum
1258 2549 1292 2590 ιιι
1311 2525 1389 2590 civi-

271 2618 369 2674 tatem
392 2609 611 2695 wirziburgr,
638 2611 749 2696 fugato
780 2609 856 2674 inde
883 2607 1095 2692 Meginhardo
1128 2611 1293 2696 episcopa,
1320 2633 1390 2675 suc-

271 2714 399 2758 cessore
419 2715 487 2776 suo,
510 2705 606 2781 atque
628 2696 831 2780 imperatoris
853 2693 1026 2780 praesidio.
1059 2694 1144 2758 Tum
1160 2695 1290 2780 quidem
1304 2695 1389 2759 deci·

270 2801 342 2842 mus
364 2787 565 2862 ermannus,
588 2791 759 2867 postquam
780 2778 867 2843 idem
889 2775 1051 2842 Adelbero
1071 2779 1200 2862 fugerat
1222 2779 1390 2844 deWirzi-

271 2863 424 2948 burgensi
458 2863 594 2928 ecclesia
619 2865 718 2928 immo
748 2864 789 2927 de
817 2860 973 2926 catholica
1001 2861 1146 2944 ecclesia,
1181 2873 1213 2928 et
1241 2864 1389 2950 quamvis

272 2969 370 3032 saepe
395 2949 436 3013 ab
460 2947 606 3030 ccclesia,
629 2970 725 3034 saepe
747 2947 789 3012 ab
811 2949 1005 3032 imperatore
1026 2947 1069 3010 ad
1089 2949 1262 3032 pristinum
1285 2947 1389 3034 digni-

270 3033 345 3094 tatis
372 3053 448 3096 suae
477 3031 583 3096 locum
611 3033 653 3096 sit
679 3034 876 3110 reinvitatus,
909 3031 1026 3095 reverti
1052 3040 1160 3098 tamen
1186 3033 1297 3114 noluit,
1329 3033 1392 3096 nisi

270 3114 407 3179 fortasse
439 3137 477 3180 eo
512 3138 575 3201 quo
602 3117 724 3180 dictum
753 3127 785 3182 et
810 3117 931 3180 factum
962 3123 1011 3178 est
1038 3116 1135 3180 modo
1167 3119 1389 3202 episcopatum

270 3221 365 3263 suum
380 3201 536 3285 sanguine
550 3199 723 3265 multorum
738 3201 905 3266 bominum
919 3199 1076 3265 redimere
1092 3202 1270 3286 contigerit.
1302 3201 1389 3266 Ecce

271 3282 311 3348 de
334 3283 492 3348 eiusmodi
514 3285 627 3350 scribit
649 3285 831 3371 Cyprianus
860 3285 1032 3384 episcopus
1062 3285 1102 3350 de
1131 3287 1252 3352 unitate
1282 3285 1388 3352 catho-

269 3367 352 3432 licae
374 3369 562 3434 ecclesiae⁴z
590 3383 766 3438 Auersandus
791 3391 836 3447 cst,
862 3390 1019 3454 lnqulenS,
1048 3384 1109 3436 talis
1134 3390 1212 3451 atque
1228 3384 1389 3454 sapiendus,

270 3458 391 3526 quisquis
403 3460 492 3526 fuerit
512 3461 545 3510 ab
564 3459 674 3511 ecclesia
692 3467 847 3526 separatum·
865 3476 1006 3525 perversus
1026 3467 1063 3510 est
1082 3457 1235 3510 huiusmodi
1259 3467 1283 3510 et
1296 3469 1391 3526 peccat

272 3540 297 3584 et
316 3539 353 3584 est
372 3550 390 3583 a
408 3541 486 3586 semet
504 3533 562 3600 ipso
583 3534 735 3584 damnatus.
761 3531 804 3582 Aa
817 3530 868 3582 sibi
881 3532 985 3598 aliquid
1004 3549 1059 3584 esse
1079 3548 1136 3582 cum
1156 3531 1257 3584 Christo
1276 3535 1389 3600 videtin,

271 3604 319 3671 qui
331 3606 460 3658 aduersus
473 3608 621 3658 sacerdotes
637 3604 734 3657 Obsisti
745 3604 817 3672 facit
836 3613 860 3656 et
878 3606 925 3671 qui
937 3623 964 3658 se
978 3624 995 3658 a
1009 3607 1076 3658 clero
1096 3605 1152 3656 eius
1172 3613 1196 3656 et
1209 3607 1296 3671 piebis
1309 3608 1389 3659 socie·

272 3683 325 3729 tate
344 3677 473 3730 secernit?
508 3679 592 3732 Arma
611 3679 655 3730 ille
674 3687 765 3731 contra
784 3676 918 3730 ecclesiam
932 3688 1032 3746 portat,
1052 3685 1143 3730 contra
1161 3679 1215 3731 Dei
1239 3679 1389 3747 dispositio·

270 3767 331 3802 nem
343 3760 483 3820 repupnat,
504 3753 584 3805 bostis
598 3753 699 3814 altaris,
720 3754 850 3805 aduersus
862 3752 1020 3820 sacrificium
1035 3751 1132 3803 Obristi
1143 3753 1255 3817 rebellis,
1271 3772 1324 3822 pro
1332 3755 1392 3821 fide

270 3825 397 3892 perfidus,
413 3844 465 3892 pro
478 3827 603 3894 relipicne
621 3825 773 3892 sacrikqus,
793 3825 964 3892 inobsequens
978 3843 1079 3890 sucus,
1091 3827 1167 3892 filius
1180 3827 1285 3894 impius,
1298 3829 1391 3893 frater

271 3897 404 3962 inimicus,
429 3899 580 3966 contemptis
606 3899 734 3966 episeopis
758 3905 782 3951 et
800 3899 853 3950 Dei
875 3901 1054 3952 sacerdotibus
1073 3901 1213 3964 derelictis,
1233 3901 1390 3953 constituere

272 3973 354 4025 audet
380 3973 456 4025 aliud
485 3976 578 4037 altare,
599 3989 705 4039 precem
731 3975 842 4025 abnam
866 3973 964 4026 illicitis
988 3974 1095 4027 vocibus
1112 3974 1216 4041 facere,
1242 3973 1389 4026 dominicae

275 4085 298 4139 s)
315 4089 421 4129 wirnto.
438 4091 449 4129 1
465 4099 635 4139 nonnumquam.

275 4183 302 4248 1)
327 4185 467 4236 Lambach
490 4187 519 4236 in
537 4186 644 4236 Austris
663 4186 807 4250 superiore,
832 4185 878 4235 ubi
898 4185 1056 4236 coenobium
1076 4185 1248 4251 condiderst3
1271 4186 1305 4238 cf.
1325 4187 1390 4236 Ber-

273 4257 349 4308 noldi
369 4258 432 4310 Chr.
452 4275 478 4325 p.
498 4259 561 4310 450.
619 4257 649 4325 2)
669 4258 767 4310 Isidori
788 4259 878 4325 Opera
897 4258 950 4320 III,
969 4276 995 4324 p.
1016 4259 1078 4310 aab.
1135 4258 1165 4326 3)
1184 4263 1271 4328 Epist.
1290 4259 1391 4312 Leonis

274 4330 310 4380 ad
328 4332 474 4394 Turibinm,
494 4331 638 4383 Hinschius
658 4349 684 4398 p.
705 4331 766 4382 595.
842 4333 870 4396 4)
891 4331 1018 4397 cypriani
1037 4332 1126 4400 Opera
1143 4351 1171 4400 p.
1190 4335 1253 4387 226.
1273 4333 1335 4386 226.
