3098 4818
293 333 328 384 68
578 333 700 385 BRUNO
720 333 770 382 DE
789 331 911 383 BELLO
931 331 1125 384 SAXONIOO.

218 521 282 564 1081.
292 505 427 568 timore⁸
450 501 678 581 accedendum,
699 501 737 564 in
759 522 822 585 quo
844 503 942 566 etiam
963 500 1041 564 loni
1062 509 1091 564 et
1112 499 1249 565 lumilee
1269 501 1354 565 eicnt
1375 503 1413 566 in

294 583 380 653 Saul
401 595 430 648 et
450 585 566 650 David
587 586 803 671 coynoecitur,
825 586 999 650 deteriores
1013 583 1124 667 flunt?
1153 585 1244 649 Nam
1265 585 1353 671 quod
1373 586 1415 650 de

295 669 477 757 apostolica
499 670 572 734 cede
587 667 863 754 praelibavimus,
886 670 923 733 in
946 670 1081 734 decretio
1098 668 1184 732 beati
1198 668 1412 754 Symmaclil‘

289 778 340 842 pa
366 765 436 836 ae1,
470 753 544 818 licet
570 754 788 836 enperimento
818 754 973 834 eciamue,
1007 754 1055 816 eic
1081 754 1283 817 continetur:
1320 751 1410 834 ‘Ille'

294 777 414 905 sedicet
447 837 558 902 beatus
588 837 714 918 Petrus,
751 837 958 922 ‘perhennem
985 839 1173 901 meritorum
1203 836 1307 901 dotem
1339 859 1413 900 cum

294 922 469 988 hereditate
490 923 698 986 innocentiae
719 921 808 984 mieit
830 921 875 985 ad
898 921 1063 1005 poeteroe!
1104 921 1149 983 Et
1173 929 1250 1006 poet
1273 943 1411 1005 panca:

293 1006 389 1082 ‘Quia
411 1009 497 1071 enim
519 1015 668 1070 sanctum
690 1004 812 1069 dubitet
838 1027 914 1086 eece,
945 1027 1036 1091 quem
1060 1026 1147 1104 apen
1168 1013 1280 1069 tantae
1303 1005 1413 1090 dioni-

293 1091 370 1156 tutio
393 1089 520 1168 attollit,
546 1090 585 1154 in
608 1112 675 1175 qua
697 1091 727 1154 ei
748 1089 855 1154 derint
875 1089 962 1154 lona
985 1090 1150 1174 acquisita
1165 1111 1232 1173 per
1252 1089 1412 1170 meritum,

293 1174 468 1260 sufficiant
499 1196 583 1258 quae
616 1197 638 1238 a
669 1172 732 1238 loci
763 1174 926 1238 deceeeore
961 1181 1195 1257 praestantem
1233 1182 1292 1236 aut
1322 1175 1411 1237 enim

292 1259 400 1324 claros
432 1258 479 1322 ud
510 1259 588 1322 llaec
614 1257 787 1343 suetipia⁰
819 1259 933 1342 eripit,
971 1266 1029 1320 aut
1061 1279 1113 1321 eos
1145 1257 1204 1341 qui
1235 1260 1412 1343 eripantur

292 1343 456 1408 illustrat!
502 1341 714 1427 Quapropter
756 1363 815 1405 noe
837 1351 953 1405 ennete
981 1339 1116 1406 ecclesia
1137 1364 1200 1404 cua
1223 1349 1336 1426 sponte
1365 1340 1412 1404 ad

292 1431 467 1513 imperium
488 1426 538 1489 rel
559 1428 705 1511 repimen
728 1363 903 1489 deliberato
925 1423 1061 1490 coneilio
1085 1425 1234 1506 advocat,
1261 1447 1328 1490 non
1345 1447 1411 1509 pro

292 1512 488 1575 transitoria
502 1509 613 1596 ploria
627 1510 685 1574 eed
692 1531 756 1594 pro
771 1507 946 1573 mulorum
960 1507 1061 1573 salute
1073 1509 1237 1574 lumiliter
1248 1509 1411 1590 obediant,

294 1604 323 1661 et
343 1617 468 1680 semper
495 1603 641 1674 caveant,
668 1593 757 1678 qaod
784 1592 895 1656 beatus
918 1593 1100 1679 Greqoriue
1126 1593 1163 1656 in
1191 1593 1299 1658 eodem
1327 1590 1411 1656 libro

203 1679 459 1766 rreupaetorali
471 1686 624 1742 testatur:
647 1680 836 1764 ‘Apoetatae
851 1677 910 1762 qui
930 1700 973 1761 pe
996 1675 1113 1762 anqelo
1128 1677 1245 1742 similis
1260 1676 1410 1760 efficitur,

294 1765 373 1828 dum
400 1765 492 1827 homo
521 1761 707 1826 hominibus
734 1782 800 1825 ecee
829 1699 949 1825 similis
977 1761 1189 1846 dedipnatur.
1238 1759 1296 1826 Sic
1325 1759 1412 1824 Saul

288 1856 367 1934 poet
402 1846 598 1910 humilitatis
630 1847 779 1909 meritum
812 1846 850 1907 in
884 1854 1038 1910 tumorem
1067 1845 1242 1930 superbiae
1271 1843 1413 1908 culmine

290 1933 460 2017 potestatis
473 1932 622 1994 eucreoit.
650 1930 713 1994 Per
728 1928 942 1993 humilitatem
957 1932 1080 2014 qnippe
1090 1929 1265 2013 praelatae
1279 1938 1334 2008 eet,
1348 1950 1414 2012 per

215 2016 482 2101 ser-snperbiam
503 2015 707 2099 reprobatae,
730 2013 872 2078 Domino
888 2022 1067 2096 attestante,
1089 2015 1147 2098 qui
1173 2015 1237 2077 ait:
1271 2013 1412 2078 “Nonne

205 2077 366 2164 ¹mcum
388 2121 471 2163 esoce
486 2099 654 2184 paruulus
675 2100 713 2162 in
735 2096 837 2160 oculis
859 2099 935 2178 taio,
957 2121 996 2161 co
1023 2107 1058 2161 ut
1073 2107 1101 2160 te
1116 2099 1271 2162 constitut
1291 2098 1329 2160 in
1350 2097 1410 2160 tri-

294 2184 395 2248 bulus
417 2182 562 2248 Israell''
605 2183 649 2245 Et
657 2181 763 2265 paulo
787 2180 949 2264 inferius:
972 2121 1071 2246 ‘ldiro
1094 2191 1200 2245 autem
1221 2181 1316 2246 modo
1338 2203 1413 2244 cum

295 2268 388 2352 apud
409 2289 441 2330 se
450 2266 627 2350 paruulus,
651 2265 744 2349 apud
759 2265 939 2329 Dominum
953 2287 1112 2352 maynum
1135 2289 1207 2330 cum
1222 2287 1296 2330 uero
1319 2289 1340 2327 a
1366 2265 1415 2328 nd

294 2374 328 2415 ee
348 2373 490 2436 maynue
513 2349 684 2434 apparuit,
707 2348 801 2433 apud
815 2349 995 2413 Dominum
1009 2349 1179 2434 parvulae
1191 2348 1286 2434 fuit!
1349 2349 1413 2434 epi-

162 2435 401 2502 10t.e,oo.lanter
437 2456 541 2520 noque
555 2433 769 2514 retinendam,
792 2434 880 2518 quod
893 2434 1057 2498 Dominae
1071 2437 1109 2498 in
1125 2432 1298 2518 euanpelio
1313 2434 1413 2497 dicit:

133 2513 378 2605 '¹⁶'⁰·¹⁰¹⁴⁴·‘qu
405 2457 547 2604 qqloriam
574 2541 677 2582 meam
710 2540 776 2581 non
810 2520 959 2603 quaero;'
988 2527 1017 2580 et
1046 2517 1125 2590 ‘Qui
1151 2517 1218 2581 uult
1243 2519 1330 2580 inter
1356 2537 1413 2580 voe

294 2625 360 2668 eece
379 2604 519 2684 primus,
543 2605 586 2666 eit
606 2602 749 2666 omnium
771 2603 902 2665 sercou
946 2602 1110 2666 Honorem
1124 2603 1191 2666 Dei
1205 2623 1332 2686 semper
1352 2621 1413 2664 cuo

292 2695 524 2773 praeponant;
540 2688 709 2766 iustitiam,
725 2685 903 2771 unicnique
915 2707 1010 2750 cunm
1020 2687 1183 2751 seruando
1194 2689 1258 2767 inc,
1275 2683 1414 2770 amplec-

294 2781 410 2836 tantur
432 2779 528 2856 atque
550 2770 756 2852 custodiant;
789 2791 855 2833 non
884 2779 960 2833 eant
988 2772 1026 2834 in
1055 2769 1193 2836 coneilio
1225 2771 1412 2853 impiorum,

295 2857 352 2920 ced
372 2855 434 2920 reli
458 2857 538 2920 ioeie
559 2876 684 2939 semper
705 2853 938 2939 acquieecendo
961 2855 1056 2919 corde
1079 2855 1297 2934 adhaereant;
1320 2875 1413 2916 eano-

294 2950 362 3004 tam
388 2879 555 3004 eccleciam
587 2961 653 3002 non
686 2947 849 3023 quaerant
877 2939 962 3002 eicut
990 2938 1146 3003 ancillam
1175 2937 1239 3002 eibi
1268 2937 1413 3002 subicere

295 3023 367 3087 vett
389 3023 586 3108 euliupare;
609 3022 666 3086 sed
681 3024 888 3106 permaaime
911 3022 1018 3088 oculoe
1044 3021 1145 3104 illiue,
1176 3021 1323 3086 videlicet
1343 3021 1412 3084 Do·

295 3109 389 3188 mini,
410 3107 602 3185 sacerdotes,
617 3107 791 3252 mapietroe
807 3115 836 3169 et
843 3115 961 3190 patree
975 3105 1244 3193 recopnoecendm
1268 3105 1415 3170 decenter

295 3190 447 3255 studeant
468 3191 640 3254 honorare.
709 3212 762 3253 am
776 3191 807 3254 ei
827 3191 979 3254 carnales
995 3201 1112 3276 patree
1130 3200 1159 3253 et
1172 3199 1292 3254 matres
1313 3190 1413 3253 leono-

294 3297 372 3340 rare
387 3275 544 3355 iubemur,
568 3282 689 3358 quanto
705 3275 813 3358 mapie
831 3274 1042 3360 spirituales?
1065 3275 1106 3340 Si
1124 3273 1179 3338 ille
1201 3277 1259 3360 qui
1281 3271 1415 3338 carnali

290 3361 388 3445 patri
413 3359 463 3422 uel
491 3359 593 3422 matri
617 3357 840 3438 maledicerit,
870 3367 970 3423 morte
996 3357 1203 3422 mulctandae
1230 3367 1293 3440 eet;
1350 3355 1413 3421 uid

294 3445 348 3508 ille
370 3445 429 3528 qui
449 3443 615 3508 maledicit
630 3443 765 3526 patrie
791 3442 922 3506 irituali
942 3442 992 3506 uel
1013 3444 1122 3526 matri,
1145 3441 1304 3506 meretur?
1369 3463 1412 3506 on

295 3527 428 3592 carnali
449 3549 558 3592 amore
581 3525 679 3590 illecti
700 3464 852 3590 studiant
865 3525 978 3607 filium
1006 3549 1102 3590 cuum
1128 3527 1233 3612 prepi,
1258 3548 1324 3612 pro
1347 3547 1411 3610 quo

298 3611 445 3677 motetus
473 3611 669 3696 euripuinem
695 3633 791 3674 cuum
808 3608 915 3694 fudit,
944 3632 1160 3694 praeponere,
1191 3611 1221 3673 ei
1248 3608 1413 3673 meliorem

294 3694 351 3759 illo
379 3704 408 3758 et
436 3693 599 3760 utiliorem
616 3703 758 3778 poscunt
782 3695 950 3774 inuenire;
980 3718 1019 3758 ne
1040 3693 1122 3779 plue
1144 3694 1214 3756 Deo
1240 3693 1412 3778 dilipendo

287 3777 408 3862 filium,
440 3781 622 3842 martimum
656 3786 789 3842 sanctae
820 3775 970 3842 eccleciae
1000 3779 1149 3861 inferant
1177 3777 1412 3842 detrimentum.

295 3862 446 3926 Patenter
460 3864 545 3926 enim
558 3861 665 3925 Deum
685 3871 714 3925 et
723 3863 925 3947 pronimum,
947 3863 1030 3926 sicut
1044 3863 1262 3927 christianum
1278 3869 1412 3947 oportet,

295 4041 318 4096 ι)
335 4053 362 4084 nc
377 4043 476 4083 tremore
491 4044 541 4085 aad.
557 4043 603 4086 rell.
664 4040 797 4094 b)deen1.
858 4041 879 4095 c)
896 4044 995 4092 vertisti
1011 4045 1030 4083 1.
1091 4042 1114 4096 d)
1130 4045 1186 4084 decet
1202 4047 1223 4087 1.

298 4183 327 4252 1)
346 4183 430 4236 Immo
453 4183 482 4236 in
508 4185 594 4237 libello
613 4185 733 4237 Ennodii
752 4185 911 4254 apoloqctico
932 4204 986 4253 pro
1010 4187 1110 4252 cpnoda
1130 4195 1236 4252 quarta,
1261 4205 1279 4237 a
1293 4187 1414 4253 psendo-

295 4257 447 4310 ieidoriana
460 4257 611 4324 Symmachi
629 4260 729 4326 synodo
741 4260 898 4326 approbata,
918 4269 947 4310 ut
956 4258 1059 4312 notauit
1071 4260 1189 4326 leffium
1207 4279 1232 4314 n.
1244 4258 1415 4314 Pecadoieiol.

297 4331 337 4382 ed.
351 4329 496 4382 Hinecltine
510 4347 543 4396 p.
556 4332 618 4385 666.
