<?xml version="1.0" encoding="UTF-8"?>
<!DOCTYPE html PUBLIC "-//W3C//DTD XHTML 1.0 Transitional//EN"
    "http://www.w3.org/TR/xhtml1/DTD/xhtml1-transitional.dtd">
<html xmlns="http://www.w3.org/1999/xhtml" xml:lang="en" lang="en">
 <head>
  <title>
</title>
<meta http-equiv="Content-Type" content="text/html;charset=utf-8" />
  <meta name='ocr-system' content='tesseract 3.04.00' />
  <meta name='ocr-capabilities' content='ocr_page ocr_carea ocr_par ocr_line ocrx_word'/>
</head>
<body>
  <div class='ocr_page' id='page_1' title='image "./waltramiutvidet01schwgoog_0236.png"; bbox 0 0 3098 4818; ppageno 0'>
   <div class='ocr_carea' id='block_1_1' title="bbox 284 344 1116 400">
    <p class='ocr_par' dir='ltr' id='par_1_1' title="bbox 284 344 1116 400">
     <span class='ocr_line' id='line_1_1' title="bbox 284 344 1116 400; baseline -0.002 0"><span class='ocrx_word' id='word_1_1' title='bbox 284 349 320 400; x_wconf 78' lang='lat'><strong><em>54</em></strong></span> <span class='ocrx_word' id='word_1_2' title='bbox 571 347 694 400; x_wconf 79' lang='lat' dir='ltr'>BRUNO</span> <span class='ocrx_word' id='word_1_3' title='bbox 713 348 764 398; x_wconf 82' lang='lat' dir='ltr'><strong><em>DE</em></strong></span> <span class='ocrx_word' id='word_1_4' title='bbox 783 346 904 400; x_wconf 80' lang='lat' dir='ltr'>BELLO</span> <span class='ocrx_word' id='word_1_5' title='bbox 924 344 1116 398; x_wconf 78' lang='lat' dir='ltr'>SAXONIOO.</span> 
     </span>
    </p>
   </div>
   <div class='ocr_carea' id='block_1_2' title="bbox 206 515 1403 1018">
    <p class='ocr_par' dir='ltr' id='par_1_2' title="bbox 206 515 1403 851">
     <span class='ocr_line' id='line_1_2' title="bbox 206 515 1402 602; baseline -0.003 -22"><span class='ocrx_word' id='word_1_6' title='bbox 206 517 498 597; x_wconf 73' lang='lat' dir='ltr'><strong><em>tosusucerdotum,</em></strong></span> <span class='ocrx_word' id='word_1_7' title='bbox 532 522 693 600; x_wconf 86' lang='lat' dir='ltr'><strong><em>quantum</em></strong></span> <span class='ocrx_word' id='word_1_8' title='bbox 713 515 812 578; x_wconf 87' lang='lat' dir='ltr'><strong><em>otiam</em></strong></span> <span class='ocrx_word' id='word_1_9' title='bbox 827 535 895 599; x_wconf 92' lang='lat' dir='ltr'><strong><em>pro</em></strong></span> <span class='ocrx_word' id='word_1_10' title='bbox 916 515 1002 598; x_wconf 88' lang='lat' dir='ltr'><strong><em>ipsis</em></strong></span> <span class='ocrx_word' id='word_1_11' title='bbox 1022 515 1154 602; x_wconf 81' lang='lat' dir='ltr'><strong><em>reqibue</em></strong></span> <span class='ocrx_word' id='word_1_12' title='bbox 1175 515 1342 578; x_wconf 77' lang='lat' dir='ltr'><strong><em>horninum</em></strong></span> <span class='ocrx_word' id='word_1_13' title='bbox 1362 515 1402 577; x_wconf 90' lang='lat' dir='ltr'><strong><em>in</em></strong></span> 
     </span>
     <span class='ocr_line' id='line_1_3' title="bbox 285 597 1402 683; baseline -0.004 -19"><span class='ocrx_word' id='word_1_14' title='bbox 285 601 398 666; x_wconf 88' lang='lat' dir='ltr'><strong><em>diuino</em></strong></span> <span class='ocrx_word' id='word_1_15' title='bbox 419 599 586 664; x_wconf 79' lang='lat' dir='ltr'><strong><em>reddituri</em></strong></span> <span class='ocrx_word' id='word_1_16' title='bbox 606 607 684 662; x_wconf 86' lang='lat' dir='ltr'><strong><em>sunt</em></strong></span> <span class='ocrx_word' id='word_1_17' title='bbox 704 599 856 662; x_wconf 81' lang='lat' dir='ltr'><strong><em>euamine</em></strong></span> <span class='ocrx_word' id='word_1_18' title='bbox 871 599 1050 664; x_wconf 70' lang='lat' dir='ltr'><strong><em>rationem!</em></strong></span> <span class='ocrx_word' id='word_1_19' title='bbox 1095 599 1139 662; x_wconf 85' lang='lat' dir='ltr'><strong><em>Et</em></strong></span> <span class='ocrx_word' id='word_1_20' title='bbox 1155 597 1278 683; x_wconf 88' lang='lat' dir='ltr'><strong><em>paucis</em></strong></span> <span class='ocrx_word' id='word_1_21' title='bbox 1298 599 1402 660; x_wconf 90' lang='lat' dir='ltr'><strong><em>inter·</em></strong></span> 
     </span>
     <span class='ocr_line' id='line_1_4' title="bbox 278 679 1403 770; baseline -0.005 -21"><span class='ocrx_word' id='word_1_22' title='bbox 278 686 402 769; x_wconf 88' lang='lat' dir='ltr'><strong><em>positis</em></strong></span> <span class='ocrx_word' id='word_1_23' title='bbox 416 685 544 770; x_wconf 90' lang='lat' dir='ltr'><strong><em>inquit:</em></strong></span> <span class='ocrx_word' id='word_1_24' title='bbox 573 681 680 746; x_wconf 85' lang='lat' dir='ltr'><strong><em>‘Nosti</em></strong></span> <span class='ocrx_word' id='word_1_25' title='bbox 709 685 820 767; x_wconf 89' lang='lat' dir='ltr'><strong><em>itaque</em></strong></span> <span class='ocrx_word' id='word_1_26' title='bbox 848 683 935 746; x_wconf 87' lang='lat' dir='ltr'><strong><em>inter</em></strong></span> <span class='ocrx_word' id='word_1_27' title='bbox 955 682 1035 746; x_wconf 76' lang='lat' dir='ltr'><strong><em>haec</em></strong></span> <span class='ocrx_word' id='word_1_28' title='bbox 1056 682 1189 747; x_wconf 81' lang='lat' dir='ltr'><strong><em>iliorum</em></strong></span> <span class='ocrx_word' id='word_1_29' title='bbox 1211 690 1240 746; x_wconf 91' lang='lat' dir='ltr'><strong><em>te</em></strong></span> <span class='ocrx_word' id='word_1_30' title='bbox 1255 679 1403 766; x_wconf 83' lang='lat' dir='ltr'><strong><em>pendere</em></strong></span> 
     </span>
     <span class='ocr_line' id='line_1_5' title="bbox 283 761 1403 851; baseline -0.004 -19"><span class='ocrx_word' id='word_1_31' title='bbox 283 769 420 850; x_wconf 91' lang='lat' dir='ltr'><strong><em>iudicio,</em></strong></span> <span class='ocrx_word' id='word_1_32' title='bbox 441 790 509 833; x_wconf 91' lang='lat' dir='ltr'><strong><em>non</em></strong></span> <span class='ocrx_word' id='word_1_33' title='bbox 529 764 605 832; x_wconf 84' lang='lat' dir='ltr'><strong><em>illos</em></strong></span> <span class='ocrx_word' id='word_1_34' title='bbox 621 767 667 830; x_wconf 87' lang='lat' dir='ltr'><strong><em>ad</em></strong></span> <span class='ocrx_word' id='word_1_35' title='bbox 686 775 777 830; x_wconf 90' lang='lat' dir='ltr'><strong><em>tuam</em></strong></span> <span class='ocrx_word' id='word_1_36' title='bbox 791 763 868 830; x_wconf 78' lang='lat' dir='ltr'><strong><em>vdie</em></strong></span> <span class='ocrx_word' id='word_1_37' title='bbox 882 766 994 851; x_wconf 87' lang='lat' dir='ltr'><strong><em>rediqi</em></strong></span> <span class='ocrx_word' id='word_1_38' title='bbox 1007 765 1223 832; x_wconf 85' lang='lat' dir='ltr'><strong><em>uoluntatem&#39;</em></strong></span> <span class='ocrx_word' id='word_1_39' title='bbox 1268 761 1403 828; x_wconf 79' lang='lat' dir='ltr'><strong><em>Talibus</em></strong></span> 
     </span>
    </p>

    <p class='ocr_par' dir='ltr' id='par_1_3' title="bbox 244 849 1401 1018">
     <span class='ocr_line' id='line_1_6' title="bbox 244 849 1401 1018; baseline -0.003 -103"><span class='ocrx_word' id='word_1_40' title='bbox 244 897 248 907; x_wconf 79' lang='lat'>.</span> <span class='ocrx_word' id='word_1_41' title='bbox 284 874 362 1018; x_wconf 49' lang='lat' dir='ltr'><strong><em>erpo</em></strong></span> <span class='ocrx_word' id='word_1_42' title='bbox 383 852 544 916; x_wconf 83' lang='lat' dir='ltr'><strong><em>institutis</em></strong></span> <span class='ocrx_word' id='word_1_43' title='bbox 565 849 748 935; x_wconf 85' lang='lat' dir='ltr'><strong><em>talibusque</em></strong></span> <span class='ocrx_word' id='word_1_44' title='bbox 754 849 844 949; x_wconf 72' lang='lat' dir='ltr'><strong><em>fuiti</em></strong></span> <span class='ocrx_word' id='word_1_45' title='bbox 864 851 1126 933; x_wconf 83' lang='lat' dir='ltr'><strong><em>auctoritatibus,</em></strong></span> <span class='ocrx_word' id='word_1_46' title='bbox 1144 849 1295 936; x_wconf 75' lang='lat' dir='ltr'><strong><em>plerique</em></strong></span> <span class='ocrx_word' id='word_1_47' title='bbox 1312 869 1401 932; x_wconf 90' lang='lat' dir='ltr'><strong><em>pon·</em></strong></span> 
     </span>
    </p>
   </div>
   <div class='ocr_carea' id='block_1_3' title="bbox 254 931 1403 4040">
    <p class='ocr_par' dir='ltr' id='par_1_4' title="bbox 254 931 1403 4040">
     <span class='ocr_line' id='line_1_7' title="bbox 284 931 1402 1020; baseline -0.005 -21"><span class='ocrx_word' id='word_1_48' title='bbox 284 938 310 1000; x_wconf 92' lang='lat' dir='ltr'><strong><em>ti</em></strong></span> <span class='ocrx_word' id='word_1_49' title='bbox 334 959 407 1000; x_wconf 93' lang='lat' dir='ltr'><strong><em>cum</em></strong></span> <span class='ocrx_word' id='word_1_50' title='bbox 443 936 506 1002; x_wconf 82' lang='lat' dir='ltr'><strong><em>aiii</em></strong></span> <span class='ocrx_word' id='word_1_51' title='bbox 539 956 645 1020; x_wconf 69' lang='lat' dir='ltr'><strong><em>reyes,</em></strong></span> <span class='ocrx_word' id='word_1_52' title='bbox 683 931 746 998; x_wconf 81' lang='lat' dir='ltr'><strong><em>atti</em></strong></span> <span class='ocrx_word' id='word_1_53' title='bbox 781 943 995 1019; x_wconf 80' lang='lat' dir='ltr'><strong><em>imperatores</em></strong></span> <span class='ocrx_word' id='word_1_54' title='bbox 1030 935 1402 1000; x_wconf 79' lang='lat' dir='ltr'><strong><em>encommunicuoerunt.</em></strong></span> 
     </span>
     <span class='ocr_line' id='line_1_8' title="bbox 283 1016 1402 1106; baseline -0.004 -23"><span class='ocrx_word' id='word_1_55' title='bbox 283 1019 374 1084; x_wconf 89' lang='lat' dir='ltr'><strong><em>Nam</em></strong></span> <span class='ocrx_word' id='word_1_56' title='bbox 394 1021 425 1084; x_wconf 90' lang='lat' dir='ltr'><strong><em>si</em></strong></span> <span class='ocrx_word' id='word_1_57' title='bbox 446 1017 588 1106; x_wconf 86' lang='lat' dir='ltr'><strong><em>speciale</em></strong></span> <span class='ocrx_word' id='word_1_58' title='bbox 610 1017 747 1104; x_wconf 79' lang='lat' dir='ltr'><strong><em>aliquod</em></strong></span> <span class='ocrx_word' id='word_1_59' title='bbox 769 1016 808 1081; x_wconf 86' lang='lat' dir='ltr'><strong><em>de</em></strong></span> <span class='ocrx_word' id='word_1_60' title='bbox 824 1021 981 1102; x_wconf 88' lang='lat' dir='ltr'><strong><em>personis</em></strong></span> <span class='ocrx_word' id='word_1_61' title='bbox 989 1021 1188 1104; x_wconf 78' lang='lat' dir='ltr'><strong><em>principum</em></strong></span> <span class='ocrx_word' id='word_1_62' title='bbox 1208 1017 1402 1102; x_wconf 80' lang='lat' dir='ltr'><strong><em>requiratur</em></strong></span> 
     </span>
     <span class='ocr_line' id='line_1_9' title="bbox 283 1102 1402 1189; baseline -0.004 -21"><span class='ocrx_word' id='word_1_63' title='bbox 283 1103 473 1188; x_wconf 81' lang='lat' dir='ltr'><strong><em>enemplum,</em></strong></span> <span class='ocrx_word' id='word_1_64' title='bbox 489 1103 601 1168; x_wconf 81' lang='lat' dir='ltr'><strong><em>beatus</em></strong></span> <span class='ocrx_word' id='word_1_65' title='bbox 611 1103 824 1189; x_wconf 87' lang='lat' dir='ltr'><strong><em>Innocentius</em></strong></span> <span class='ocrx_word' id='word_1_66' title='bbox 834 1125 933 1188; x_wconf 89' lang='lat' dir='ltr'><strong><em>papa</em></strong></span> <span class='ocrx_word' id='word_1_67' title='bbox 942 1102 1149 1168; x_wconf 76' lang='lat' dir='ltr'><strong><em>Archadium</em></strong></span> <span class='ocrx_word' id='word_1_68' title='bbox 1163 1105 1402 1187; x_wconf 86' lang='lat' dir='ltr'><strong><em>imperatorem,</em></strong></span> 
     </span>
     <span class='ocr_line' id='line_1_10' title="bbox 283 1185 1403 1273; baseline -0.005 -21"><span class='ocrx_word' id='word_1_69' title='bbox 283 1189 366 1273; x_wconf 86' lang='lat' dir='ltr'><strong><em>quia</em></strong></span> <span class='ocrx_word' id='word_1_70' title='bbox 388 1188 608 1272; x_wconf 83' lang='lat' dir='ltr'><strong><em>consensitut</em></strong></span> <span class='ocrx_word' id='word_1_71' title='bbox 629 1196 763 1251; x_wconf 85' lang='lat' dir='ltr'><strong><em>sanctus</em></strong></span> <span class='ocrx_word' id='word_1_72' title='bbox 777 1187 943 1250; x_wconf 77' lang='lat' dir='ltr'><strong><em>Iohannes</em></strong></span> <span class='ocrx_word' id='word_1_73' title='bbox 961 1185 1175 1252; x_wconf 83' lang='lat' dir='ltr'><strong><em>Orisostomus</em></strong></span> <span class='ocrx_word' id='word_1_74' title='bbox 1197 1208 1221 1251; x_wconf 91' lang='lat' dir='ltr'><strong><em>a</em></strong></span> <span class='ocrx_word' id='word_1_75' title='bbox 1242 1185 1315 1248; x_wconf 86' lang='lat' dir='ltr'><strong><em>sede</em></strong></span> <span class='ocrx_word' id='word_1_76' title='bbox 1337 1206 1403 1247; x_wconf 87' lang='lat' dir='ltr'><strong><em>suu</em></strong></span> 
     </span>
     <span class='ocr_line' id='line_1_11' title="bbox 278 1266 1401 1355; baseline -0.004 -20"><span class='ocrx_word' id='word_1_77' title='bbox 278 1271 464 1355; x_wconf 76' lang='lat' dir='ltr'><strong><em>pelleretur,</em></strong></span> <span class='ocrx_word' id='word_1_78' title='bbox 485 1272 786 1336; x_wconf 77' lang='lat' dir='ltr'><strong><em>encommunicuoit.</em></strong></span> <span class='ocrx_word' id='word_1_79' title='bbox 829 1269 926 1335; x_wconf 84' lang='lat' dir='ltr'><strong><em>Alius</em></strong></span> <span class='ocrx_word' id='word_1_80' title='bbox 947 1272 1023 1335; x_wconf 89' lang='lat' dir='ltr'><strong><em>item</em></strong></span> <span class='ocrx_word' id='word_1_81' title='bbox 1036 1272 1209 1336; x_wconf 80' lang='lat' dir='ltr'><strong><em>Romanus</em></strong></span> <span class='ocrx_word' id='word_1_82' title='bbox 1222 1266 1401 1355; x_wconf 69' lang='lat' dir='ltr'><strong><em>pontisare·</em></strong></span> 
     </span>
     <span class='ocr_line' id='line_1_12' title="bbox 281 1353 1402 1441; baseline -0.003 -23"><span class='ocrx_word' id='word_1_83' title='bbox 281 1378 389 1441; x_wconf 87' lang='lat' dir='ltr'><strong><em>reqem</em></strong></span> <span class='ocrx_word' id='word_1_84' title='bbox 410 1356 626 1436; x_wconf 79' lang='lat' dir='ltr'><strong><em>Francorum,</em></strong></span> <span class='ocrx_word' id='word_1_85' title='bbox 659 1377 727 1420; x_wconf 91' lang='lat' dir='ltr'><strong><em>non</em></strong></span> <span class='ocrx_word' id='word_1_86' title='bbox 753 1362 820 1417; x_wconf 91' lang='lat' dir='ltr'><strong><em>tam</em></strong></span> <span class='ocrx_word' id='word_1_87' title='bbox 836 1377 902 1438; x_wconf 91' lang='lat' dir='ltr'><strong><em>pro</em></strong></span> <span class='ocrx_word' id='word_1_88' title='bbox 931 1357 1001 1418; x_wconf 88' lang='lat' dir='ltr'><strong><em>suis</em></strong></span> <span class='ocrx_word' id='word_1_89' title='bbox 1029 1357 1083 1419; x_wconf 93' lang='lat' dir='ltr'><strong><em>ini</em></strong></span> <span class='ocrx_word' id='word_1_90' title='bbox 1103 1353 1271 1434; x_wconf 84' lang='lat' dir='ltr'><strong><em>uitatibus,</em></strong></span> <span class='ocrx_word' id='word_1_91' title='bbox 1303 1375 1402 1438; x_wconf 92' lang='lat' dir='ltr'><strong><em>quam</em></strong></span> 
     </span>
     <span class='ocr_line' id='line_1_13' title="bbox 277 1379 1399 1525; baseline -0.002 -23"><span class='ocrx_word' id='word_1_92' title='bbox 277 1461 345 1523; x_wconf 91' lang='lat' dir='ltr'><strong><em>pro</em></strong></span> <span class='ocrx_word' id='word_1_93' title='bbox 367 1461 403 1503; x_wconf 90' lang='lat' dir='ltr'><strong><em>eo</em></strong></span> <span class='ocrx_word' id='word_1_94' title='bbox 425 1439 513 1525; x_wconf 89' lang='lat' dir='ltr'><strong><em>quod</em></strong></span> <span class='ocrx_word' id='word_1_95' title='bbox 534 1447 646 1502; x_wconf 89' lang='lat' dir='ltr'><strong><em>tantae</em></strong></span> <span class='ocrx_word' id='word_1_96' title='bbox 664 1439 820 1523; x_wconf 71' lang='lat' dir='ltr'><strong><em>potestati</em></strong></span> <span class='ocrx_word' id='word_1_97' title='bbox 840 1460 908 1502; x_wconf 90' lang='lat' dir='ltr'><strong><em>non</em></strong></span> <span class='ocrx_word' id='word_1_98' title='bbox 930 1439 1022 1502; x_wconf 75' lang='lat' dir='ltr'><strong><em>erat¹³</em></strong></span> <span class='ocrx_word' id='word_1_99' title='bbox 1044 1379 1146 1519; x_wconf 62' lang='lat' dir='ltr'><strong><em>nidis,</em></strong></span> <span class='ocrx_word' id='word_1_100' title='bbox 1180 1461 1201 1502; x_wconf 89' lang='lat' dir='ltr'><strong><em>a</em></strong></span> <span class='ocrx_word' id='word_1_101' title='bbox 1222 1459 1323 1522; x_wconf 85' lang='lat' dir='ltr'><strong><em>reqno</em></strong></span> <span class='ocrx_word' id='word_1_102' title='bbox 1345 1437 1399 1500; x_wconf 88' lang='lat' dir='ltr'><strong><em>de·</em></strong></span> 
     </span>
     <span class='ocr_line' id='line_1_14' title="bbox 279 1521 1401 1608; baseline -0.002 -22"><span class='ocrx_word' id='word_1_103' title='bbox 279 1525 403 1606; x_wconf 88' lang='lat' dir='ltr'><strong><em>posuit,</em></strong></span> <span class='ocrx_word' id='word_1_104' title='bbox 433 1532 462 1587; x_wconf 91' lang='lat' dir='ltr'><strong><em>et</em></strong></span> <span class='ocrx_word' id='word_1_105' title='bbox 491 1523 532 1588; x_wconf 68' lang='lat' dir='ltr'><strong><em>lu·</em></strong></span> <span class='ocrx_word' id='word_1_106' title='bbox 557 1524 650 1586; x_wconf 90' lang='lat' dir='ltr'><strong><em>inum</em></strong></span> <span class='ocrx_word' id='word_1_107' title='bbox 677 1521 797 1586; x_wconf 88' lang='lat' dir='ltr'><strong><em>Karoli</em></strong></span> <span class='ocrx_word' id='word_1_108' title='bbox 818 1523 941 1608; x_wconf 85' lang='lat' dir='ltr'><strong><em>Maqni</em></strong></span> <span class='ocrx_word' id='word_1_109' title='bbox 968 1524 1179 1607; x_wconf 87' lang='lat' dir='ltr'><strong><em>imperatoris</em></strong></span> <span class='ocrx_word' id='word_1_110' title='bbox 1203 1531 1336 1605; x_wconf 91' lang='lat' dir='ltr'><strong><em>patrem</em></strong></span> <span class='ocrx_word' id='word_1_111' title='bbox 1362 1522 1401 1584; x_wconf 91' lang='lat' dir='ltr'><strong><em>in</em></strong></span> 
     </span>
     <span class='ocr_line' id='line_1_15' title="bbox 282 1605 1401 1692; baseline 0 -24"><span class='ocrx_word' id='word_1_112' title='bbox 282 1608 355 1669; x_wconf 89' lang='lat' dir='ltr'><strong><em>eius</em></strong></span> <span class='ocrx_word' id='word_1_113' title='bbox 390 1605 459 1670; x_wconf 89' lang='lat' dir='ltr'><strong><em>loco</em></strong></span> <span class='ocrx_word' id='word_1_114' title='bbox 492 1628 508 1668; x_wconf 91' lang='lat' dir='ltr'><strong><em>s</em></strong></span> <span class='ocrx_word' id='word_1_115' title='bbox 551 1607 667 1687; x_wconf 90' lang='lat' dir='ltr'><strong><em>stituit,</em></strong></span> <span class='ocrx_word' id='word_1_116' title='bbox 703 1627 873 1690; x_wconf 76' lang='lat' dir='ltr'><strong><em>omoeoque</em></strong></span> <span class='ocrx_word' id='word_1_117' title='bbox 903 1607 1130 1692; x_wconf 62' lang='lat' dir='ltr'><strong><em>Franciqenas</em></strong></span> <span class='ocrx_word' id='word_1_118' title='bbox 1163 1631 1185 1670; x_wconf 91' lang='lat' dir='ltr'><strong><em>a</em></strong></span> <span class='ocrx_word' id='word_1_119' title='bbox 1216 1608 1401 1670; x_wconf 87' lang='lat' dir='ltr'><strong><em>iuramento</em></strong></span> 
     </span>
     <span class='ocr_line' id='line_1_16' title="bbox 276 1686 1401 1834; baseline -0.004 -81"><span class='ocrx_word' id='word_1_120' title='bbox 276 1688 463 1772; x_wconf 83' lang='lat' dir='ltr'><strong><em>fidelitatis,</em></strong></span> <span class='ocrx_word' id='word_1_121' title='bbox 486 1690 574 1776; x_wconf 89' lang='lat' dir='ltr'><strong><em>quod</em></strong></span> <span class='ocrx_word' id='word_1_122' title='bbox 594 1689 647 1756; x_wconf 84' lang='lat' dir='ltr'><strong><em>iili</em></strong></span> <span class='ocrx_word' id='word_1_123' title='bbox 658 1688 823 1773; x_wconf 88' lang='lat' dir='ltr'><strong><em>fecerunt,</em></strong></span> <span class='ocrx_word' id='word_1_124' title='bbox 847 1690 992 1754; x_wconf 84' lang='lat' dir='ltr'><strong><em>obsolvit.</em></strong></span> <span class='ocrx_word' id='word_1_125' title='bbox 1040 1688 1135 1764; x_wconf 84' lang='lat' dir='ltr'><strong><em>Quod</em></strong></span> <span class='ocrx_word' id='word_1_126' title='bbox 1157 1691 1254 1754; x_wconf 90' lang='lat' dir='ltr'><strong><em>etium</em></strong></span> <span class='ocrx_word' id='word_1_127' title='bbox 1275 1711 1315 1751; x_wconf 82' lang='lat' dir='ltr'><strong><em>en</em></strong></span> <span class='ocrx_word' id='word_1_128' title='bbox 1327 1686 1401 1834; x_wconf 67' lang='lat' dir='ltr'><strong><em>[re-</em></strong></span> 
     </span>
     <span class='ocr_line' id='line_1_17' title="bbox 282 1773 1400 1874; baseline -0.004 -36"><span class='ocrx_word' id='word_1_129' title='bbox 282 1774 395 1860; x_wconf 87' lang='lat' dir='ltr'><strong><em>quenti</em></strong></span> <span class='ocrx_word' id='word_1_130' title='bbox 421 1776 615 1838; x_wconf 88' lang='lat' dir='ltr'><strong><em>auctoritate</em></strong></span> <span class='ocrx_word' id='word_1_131' title='bbox 643 1797 741 1860; x_wconf 88' lang='lat' dir='ltr'><strong><em>saepe</em></strong></span> <span class='ocrx_word' id='word_1_132' title='bbox 770 1775 843 1874; x_wconf 75' lang='lat' dir='ltr'><strong><em>opit</em></strong></span> <span class='ocrx_word' id='word_1_133' title='bbox 868 1773 1003 1839; x_wconf 86' lang='lat' dir='ltr'><strong><em>ecclesio</em></strong></span> <span class='ocrx_word' id='word_1_134' title='bbox 1028 1783 1155 1854; x_wconf 90' lang='lat' dir='ltr'><strong><em>sanctu,</em></strong></span> <span class='ocrx_word' id='word_1_135' title='bbox 1182 1797 1255 1838; x_wconf 90' lang='lat' dir='ltr'><strong><em>cum</em></strong></span> <span class='ocrx_word' id='word_1_136' title='bbox 1281 1774 1327 1836; x_wconf 87' lang='lat' dir='ltr'><strong><em>mi</em></strong></span> <span class='ocrx_word' id='word_1_137' title='bbox 1339 1774 1400 1836; x_wconf 89' lang='lat' dir='ltr'><strong><em>ites</em></strong></span> 
     </span>
     <span class='ocr_line' id='line_1_18' title="bbox 284 1857 1399 1944; baseline -0.003 -22"><span class='ocrx_word' id='word_1_138' title='bbox 284 1857 421 1923; x_wconf 82' lang='lat' dir='ltr'><strong><em>absoluit</em></strong></span> <span class='ocrx_word' id='word_1_139' title='bbox 441 1881 462 1923; x_wconf 89' lang='lat' dir='ltr'><strong><em>a</em></strong></span> <span class='ocrx_word' id='word_1_140' title='bbox 476 1857 607 1922; x_wconf 84' lang='lat' dir='ltr'><strong><em>uinculo</em></strong></span> <span class='ocrx_word' id='word_1_141' title='bbox 623 1859 819 1940; x_wconf 78' lang='lat' dir='ltr'><strong><em>iuramenti,</em></strong></span> <span class='ocrx_word' id='word_1_142' title='bbox 842 1857 1071 1944; x_wconf 87' lang='lat' dir='ltr'><strong><em>quodfactum</em></strong></span> <span class='ocrx_word' id='word_1_143' title='bbox 1092 1859 1204 1922; x_wconf 77' lang='lat' dir='ltr'><strong><em>estiis</em></strong></span> <span class='ocrx_word' id='word_1_144' title='bbox 1225 1858 1399 1942; x_wconf 87' lang='lat' dir='ltr'><strong><em>episcopis,</em></strong></span> 
     </span>
     <span class='ocr_line' id='line_1_19' title="bbox 303 1941 1400 2028; baseline -0.002 -24"><span class='ocrx_word' id='word_1_145' title='bbox 303 1944 341 2005; x_wconf 93' lang='lat' dir='ltr'><strong><em>ui</em></strong></span> <span class='ocrx_word' id='word_1_146' title='bbox 362 1942 543 2026; x_wconf 85' lang='lat' dir='ltr'><strong><em>apostolica</em></strong></span> <span class='ocrx_word' id='word_1_147' title='bbox 566 1944 760 2006; x_wconf 84' lang='lat' dir='ltr'><strong><em>auctoritate</em></strong></span> <span class='ocrx_word' id='word_1_148' title='bbox 790 1965 813 2004; x_wconf 90' lang='lat' dir='ltr'><strong><em>u</em></strong></span> <span class='ocrx_word' id='word_1_149' title='bbox 834 1941 1023 2026; x_wconf 77' lang='lat' dir='ltr'><strong><em>pontificati</em></strong></span> <span class='ocrx_word' id='word_1_150' title='bbox 1043 1943 1155 2028; x_wconf 86' lang='lat' dir='ltr'><strong><em>qradu</em></strong></span> <span class='ocrx_word' id='word_1_151' title='bbox 1178 1943 1400 2025; x_wconf 90' lang='lat' dir='ltr'><strong><em>deponuntur.</em></strong></span> 
     </span>
     <span class='ocr_line' id='line_1_20' title="bbox 281 1965 1399 2107; baseline 0 -19"><span class='ocrx_word' id='word_1_152' title='bbox 281 1965 325 2088; x_wconf 65' lang='lat' dir='ltr'><strong><em>iu</em></strong></span> <span class='ocrx_word' id='word_1_153' title='bbox 347 2026 460 2090; x_wconf 84' lang='lat' dir='ltr'><strong><em>beatus</em></strong></span> <span class='ocrx_word' id='word_1_154' title='bbox 481 2025 674 2090; x_wconf 84' lang='lat' dir='ltr'><strong><em>Ambrosius</em></strong></span> <span class='ocrx_word' id='word_1_155' title='bbox 699 2025 780 2090; x_wconf 83' lang='lat' dir='ltr'><strong><em>licet¹</em></strong></span> <span class='ocrx_word' id='word_1_156' title='bbox 800 2035 946 2107; x_wconf 86' lang='lat' dir='ltr'><strong><em>sanctus,</em></strong></span> <span class='ocrx_word' id='word_1_157' title='bbox 976 2048 1042 2090; x_wconf 91' lang='lat' dir='ltr'><strong><em>non</em></strong></span> <span class='ocrx_word' id='word_1_158' title='bbox 1071 2033 1178 2090; x_wconf 90' lang='lat' dir='ltr'><strong><em>tamen</em></strong></span> <span class='ocrx_word' id='word_1_159' title='bbox 1198 2023 1399 2089; x_wconf 87' lang='lat' dir='ltr'><strong><em>uniuersalis</em></strong></span> 
     </span>
     <span class='ocr_line' id='line_1_21' title="bbox 281 2109 1399 2195; baseline -0.002 -21"><span class='ocrx_word' id='word_1_160' title='bbox 281 2109 433 2174; x_wconf 86' lang='lat' dir='ltr'><strong><em>ecclesiae</em></strong></span> <span class='ocrx_word' id='word_1_161' title='bbox 454 2111 639 2194; x_wconf 88' lang='lat' dir='ltr'><strong><em>episcopus,</em></strong></span> <span class='ocrx_word' id='word_1_162' title='bbox 661 2133 729 2195; x_wconf 89' lang='lat' dir='ltr'><strong><em>pro</em></strong></span> <span class='ocrx_word' id='word_1_163' title='bbox 758 2109 859 2194; x_wconf 77' lang='lat' dir='ltr'><strong><em>ccdpa</em></strong></span> <span class='ocrx_word' id='word_1_164' title='bbox 880 2132 965 2195; x_wconf 93' lang='lat' dir='ltr'><strong><em>quae</em></strong></span> <span class='ocrx_word' id='word_1_165' title='bbox 987 2109 1066 2174; x_wconf 87' lang='lat' dir='ltr'><strong><em>aliis</em></strong></span> <span class='ocrx_word' id='word_1_166' title='bbox 1087 2109 1309 2175; x_wconf 79' lang='lat' dir='ltr'><strong><em>sacerdotibus</em></strong></span> <span class='ocrx_word' id='word_1_167' title='bbox 1330 2130 1399 2172; x_wconf 93' lang='lat' dir='ltr'><strong><em>non</em></strong></span> 
     </span>
     <span class='ocr_line' id='line_1_22' title="bbox 282 2193 1397 2279; baseline -0.001 -21"><span class='ocrx_word' id='word_1_168' title='bbox 282 2194 364 2258; x_wconf 87' lang='lat' dir='ltr'><strong><em>adeo</em></strong></span> <span class='ocrx_word' id='word_1_169' title='bbox 392 2196 508 2279; x_wconf 75' lang='lat' dir='ltr'><strong><em>prauis</em></strong></span> <span class='ocrx_word' id='word_1_170' title='bbox 536 2193 718 2275; x_wconf 82' lang='lat' dir='ltr'><strong><em>uidebatur,</em></strong></span> <span class='ocrx_word' id='word_1_171' title='bbox 747 2194 960 2259; x_wconf 71' lang='lat' dir='ltr'><strong><em>Theodosium</em></strong></span> <span class='ocrx_word' id='word_1_172' title='bbox 985 2216 1041 2258; x_wconf 90' lang='lat' dir='ltr'><strong><em>mu</em></strong></span> <span class='ocrx_word' id='word_1_173' title='bbox 1065 2217 1144 2258; x_wconf 93' lang='lat' dir='ltr'><strong><em>num</em></strong></span> <span class='ocrx_word' id='word_1_174' title='bbox 1170 2196 1397 2278; x_wconf 84' lang='lat' dir='ltr'><strong><em>imperatorem</em></strong></span> 
     </span>
     <span class='ocr_line' id='line_1_23' title="bbox 281 2276 1400 2342; baseline 0 -2"><span class='ocrx_word' id='word_1_175' title='bbox 281 2279 567 2342; x_wconf 84' lang='lat' dir='ltr'><strong><em>eucommunicuns</em></strong></span> <span class='ocrx_word' id='word_1_176' title='bbox 597 2277 637 2341; x_wconf 80' lang='lat' dir='ltr'><strong><em>ab</em></strong></span> <span class='ocrx_word' id='word_1_177' title='bbox 669 2277 803 2342; x_wconf 85' lang='lat' dir='ltr'><strong><em>ecclesia</em></strong></span> <span class='ocrx_word' id='word_1_178' title='bbox 832 2276 979 2342; x_wconf 84' lang='lat' dir='ltr'><strong><em>enciusit.</em></strong></span> <span class='ocrx_word' id='word_1_179' title='bbox 1054 2279 1112 2342; x_wconf 81' lang='lat' dir='ltr'><strong><em>ui⁰</em></strong></span> <span class='ocrx_word' id='word_1_180' title='bbox 1139 2280 1237 2342; x_wconf 90' lang='lat' dir='ltr'><strong><em>etiam</em></strong></span> <span class='ocrx_word' id='word_1_181' title='bbox 1263 2280 1300 2340; x_wconf 92' lang='lat' dir='ltr'><strong><em>in</em></strong></span> <span class='ocrx_word' id='word_1_182' title='bbox 1327 2278 1400 2340; x_wconf 89' lang='lat' dir='ltr'><strong><em>suis</em></strong></span> 
     </span>
     <span class='ocr_line' id='line_1_24' title="bbox 281 2361 1398 2448; baseline 0 -24"><span class='ocrx_word' id='word_1_183' title='bbox 281 2361 415 2445; x_wconf 88' lang='lat' dir='ltr'><strong><em>scriptis</em></strong></span> <span class='ocrx_word' id='word_1_184' title='bbox 437 2362 585 2443; x_wconf 90' lang='lat' dir='ltr'><strong><em>ostendit,</em></strong></span> <span class='ocrx_word' id='word_1_185' title='bbox 608 2361 697 2448; x_wconf 92' lang='lat' dir='ltr'><strong><em>quod</em></strong></span> <span class='ocrx_word' id='word_1_186' title='bbox 711 2385 832 2426; x_wconf 91' lang='lat' dir='ltr'><strong><em>aurum</em></strong></span> <span class='ocrx_word' id='word_1_187' title='bbox 852 2384 918 2426; x_wconf 93' lang='lat' dir='ltr'><strong><em>non</em></strong></span> <span class='ocrx_word' id='word_1_188' title='bbox 938 2363 988 2426; x_wconf 86' lang='lat' dir='ltr'><strong><em>ita</em></strong></span> <span class='ocrx_word' id='word_1_189' title='bbox 996 2365 1179 2446; x_wconf 90' lang='lat' dir='ltr'><strong><em>pretiosius</em></strong></span> <span class='ocrx_word' id='word_1_190' title='bbox 1200 2364 1244 2426; x_wconf 93' lang='lat' dir='ltr'><strong><em>sit</em></strong></span> <span class='ocrx_word' id='word_1_191' title='bbox 1254 2361 1398 2445; x_wconf 82' lang='lat' dir='ltr'><strong><em>plumbo,</em></strong></span> 
     </span>
     <span class='ocr_line' id='line_1_25' title="bbox 254 2444 1399 2531; baseline 0.003 -25"><span class='ocrx_word' id='word_1_192' title='bbox 254 2463 255 2466; x_wconf 71' lang='grc'>’</span> <span class='ocrx_word' id='word_1_193' title='bbox 282 2465 380 2528; x_wconf 89' lang='lat' dir='ltr'><strong><em>quum</em></strong></span> <span class='ocrx_word' id='word_1_194' title='bbox 406 2445 502 2530; x_wconf 85' lang='lat' dir='ltr'><strong><em>reqia</em></strong></span> <span class='ocrx_word' id='word_1_195' title='bbox 523 2454 680 2530; x_wconf 89' lang='lat' dir='ltr'><strong><em>potestate</em></strong></span> <span class='ocrx_word' id='word_1_196' title='bbox 709 2444 808 2511; x_wconf 79' lang='lat' dir='ltr'><strong><em>altior</em></strong></span> <span class='ocrx_word' id='word_1_197' title='bbox 838 2448 881 2510; x_wconf 90' lang='lat' dir='ltr'><strong><em>sit</em></strong></span> <span class='ocrx_word' id='word_1_198' title='bbox 907 2446 1057 2531; x_wconf 81' lang='lat' dir='ltr'><strong><em>diqnitus</em></strong></span> <span class='ocrx_word' id='word_1_199' title='bbox 1085 2445 1311 2524; x_wconf 83' lang='lat' dir='ltr'><strong><em>sacerdotatis,</em></strong></span> <span class='ocrx_word' id='word_1_200' title='bbox 1340 2445 1399 2510; x_wconf 74' lang='lat' dir='ltr'><strong><em>troc</em></strong></span> 
     </span>
     <span class='ocr_line' id='line_1_26' title="bbox 281 2527 1398 2615; baseline 0 -23"><span class='ocrx_word' id='word_1_201' title='bbox 281 2528 375 2592; x_wconf 90' lang='lat' dir='ltr'><strong><em>modo</em></strong></span> <span class='ocrx_word' id='word_1_202' title='bbox 399 2530 489 2592; x_wconf 91' lang='lat' dir='ltr'><strong><em>circu</em></strong></span> <span class='ocrx_word' id='word_1_203' title='bbox 515 2531 724 2614; x_wconf 88' lang='lat' dir='ltr'><strong><em>principium</em></strong></span> <span class='ocrx_word' id='word_1_204' title='bbox 751 2531 806 2593; x_wconf 89' lang='lat' dir='ltr'><strong><em>sui</em></strong></span> <span class='ocrx_word' id='word_1_205' title='bbox 827 2527 1034 2615; x_wconf 87' lang='lat' dir='ltr'><strong><em>pastoralisl</em></strong></span> <span class='ocrx_word' id='word_1_206' title='bbox 1064 2531 1224 2594; x_wconf 80' lang='lat' dir='ltr'><strong><em>scribens:</em></strong></span> <span class='ocrx_word' id='word_1_207' title='bbox 1261 2531 1398 2612; x_wconf 89' lang='lat' dir='ltr'><strong><em>‘Honor,</em></strong></span> 
     </span>
     <span class='ocr_line' id='line_1_27' title="bbox 271 2610 1397 2699; baseline 0.004 -25"><span class='ocrx_word' id='word_1_208' title='bbox 271 2610 418 2696; x_wconf 81' lang='lat' dir='ltr'><strong><em>fratres,</em></strong></span> <span class='ocrx_word' id='word_1_209' title='bbox 456 2622 486 2677; x_wconf 92' lang='lat' dir='ltr'><strong><em>et</em></strong></span> <span class='ocrx_word' id='word_1_210' title='bbox 513 2613 695 2677; x_wconf 82' lang='lat' dir='ltr'><strong><em>sublimitas</em></strong></span> <span class='ocrx_word' id='word_1_211' title='bbox 722 2613 921 2699; x_wconf 85' lang='lat' dir='ltr'><strong><em>episcopalis</em></strong></span> <span class='ocrx_word' id='word_1_212' title='bbox 949 2613 1050 2678; x_wconf 75' lang='lat' dir='ltr'><strong><em>nuliis</em></strong></span> <span class='ocrx_word' id='word_1_213' title='bbox 1073 2616 1196 2698; x_wconf 90' lang='lat' dir='ltr'><strong><em>poterit</em></strong></span> <span class='ocrx_word' id='word_1_214' title='bbox 1222 2636 1397 2698; x_wconf 90' lang='lat' dir='ltr'><strong><em>comparu-</em></strong></span> 
     </span>
     <span class='ocr_line' id='line_1_28' title="bbox 279 2695 1397 2844; baseline 0.003 -87"><span class='ocrx_word' id='word_1_215' title='bbox 279 2695 423 2761; x_wconf 83' lang='lat' dir='ltr'><strong><em>tionibus</em></strong></span> <span class='ocrx_word' id='word_1_216' title='bbox 446 2698 643 2783; x_wconf 88' lang='lat' dir='ltr'><strong><em>adaequari.</em></strong></span> <span class='ocrx_word' id='word_1_217' title='bbox 688 2697 729 2763; x_wconf 81' lang='lat' dir='ltr'><strong><em>Si</em></strong></span> <span class='ocrx_word' id='word_1_218' title='bbox 756 2719 871 2782; x_wconf 86' lang='lat' dir='ltr'><strong><em>requm</em></strong></span> <span class='ocrx_word' id='word_1_219' title='bbox 888 2696 1026 2783; x_wconf 82' lang='lat' dir='ltr'><strong><em>fulqori</em></strong></span> <span class='ocrx_word' id='word_1_220' title='bbox 1054 2720 1222 2782; x_wconf 87' lang='lat' dir='ltr'><strong><em>compares</em></strong></span> <span class='ocrx_word' id='word_1_221' title='bbox 1248 2708 1277 2764; x_wconf 91' lang='lat' dir='ltr'><strong><em>et</em></strong></span> <span class='ocrx_word' id='word_1_222' title='bbox 1297 2699 1397 2844; x_wconf 75' lang='lat' dir='ltr'><strong><em>prin-</em></strong></span> 
     </span>
     <span class='ocr_line' id='line_1_29' title="bbox 280 2780 1399 2866; baseline 0.003 -23"><span class='ocrx_word' id='word_1_223' title='bbox 280 2781 390 2864; x_wconf 93' lang='lat' dir='ltr'><strong><em>cipum</em></strong></span> <span class='ocrx_word' id='word_1_224' title='bbox 425 2781 618 2860; x_wconf 86' lang='lat' dir='ltr'><strong><em>diademati,</em></strong></span> <span class='ocrx_word' id='word_1_225' title='bbox 654 2780 749 2866; x_wconf 82' lang='lat' dir='ltr'><strong><em>lonqe</em></strong></span> <span class='ocrx_word' id='word_1_226' title='bbox 785 2782 847 2844; x_wconf 87' lang='lat' dir='ltr'><strong><em>erit</em></strong></span> <span class='ocrx_word' id='word_1_227' title='bbox 882 2781 1036 2864; x_wconf 88' lang='lat' dir='ltr'><strong><em>inferius,</em></strong></span> <span class='ocrx_word' id='word_1_228' title='bbox 1073 2805 1172 2866; x_wconf 90' lang='lat' dir='ltr'><strong><em>quam</em></strong></span> <span class='ocrx_word' id='word_1_229' title='bbox 1208 2784 1239 2846; x_wconf 88' lang='lat' dir='ltr'><strong><em>si</em></strong></span> <span class='ocrx_word' id='word_1_230' title='bbox 1268 2781 1399 2866; x_wconf 84' lang='lat' dir='ltr'><strong><em>pumbi</em></strong></span> 
     </span>
     <span class='ocr_line' id='line_1_30' title="bbox 279 2863 1398 2950; baseline 0.004 -24"><span class='ocrx_word' id='word_1_231' title='bbox 279 2863 444 2928; x_wconf 83' lang='lat' dir='ltr'><strong><em>metalium</em></strong></span> <span class='ocrx_word' id='word_1_232' title='bbox 466 2865 512 2929; x_wconf 91' lang='lat' dir='ltr'><strong><em>ud</em></strong></span> <span class='ocrx_word' id='word_1_233' title='bbox 539 2867 618 2928; x_wconf 88' lang='lat' dir='ltr'><strong><em>uuri</em></strong></span> <span class='ocrx_word' id='word_1_234' title='bbox 636 2863 808 2950; x_wconf 80' lang='lat' dir='ltr'><strong><em>fuiqorem</em></strong></span> <span class='ocrx_word' id='word_1_235' title='bbox 830 2887 1009 2949; x_wconf 87' lang='lat' dir='ltr'><strong><em>compares,</em></strong></span> <span class='ocrx_word' id='word_1_236' title='bbox 1040 2868 1097 2950; x_wconf 88' lang='lat' dir='ltr'><strong><em>qui</em></strong></span> <span class='ocrx_word' id='word_1_237' title='bbox 1117 2888 1161 2949; x_wconf 91' lang='lat' dir='ltr'><strong><em>pe</em></strong></span> <span class='ocrx_word' id='word_1_238' title='bbox 1184 2889 1256 2930; x_wconf 93' lang='lat' dir='ltr'><strong><em>cum</em></strong></span> <span class='ocrx_word' id='word_1_239' title='bbox 1284 2867 1398 2931; x_wconf 88' lang='lat' dir='ltr'><strong><em>uideas</em></strong></span> 
     </span>
     <span class='ocr_line' id='line_1_31' title="bbox 279 2947 1397 3034; baseline 0.001 -20"><span class='ocrx_word' id='word_1_240' title='bbox 279 2969 393 3032; x_wconf 72' lang='lat' dir='ltr'><strong><em>usqum</em></strong></span> <span class='ocrx_word' id='word_1_241' title='bbox 427 2947 512 3012; x_wconf 86' lang='lat' dir='ltr'><strong><em>colia</em></strong></span> <span class='ocrx_word' id='word_1_242' title='bbox 546 2958 576 3012; x_wconf 92' lang='lat' dir='ltr'><strong><em>et</em></strong></span> <span class='ocrx_word' id='word_1_243' title='bbox 605 2952 802 3032; x_wconf 76' lang='lat' dir='ltr'><strong><em>principum</em></strong></span> <span class='ocrx_word' id='word_1_244' title='bbox 837 2949 982 3013; x_wconf 80' lang='lat' dir='ltr'><strong><em>submitti</em></strong></span> <span class='ocrx_word' id='word_1_245' title='bbox 1010 2951 1149 3034; x_wconf 86' lang='lat' dir='ltr'><strong><em>qenins</em></strong></span> <span class='ocrx_word' id='word_1_246' title='bbox 1181 2950 1397 3032; x_wconf 85' lang='lat' dir='ltr'><strong><em>sacerdotum,</em></strong></span> 
     </span>
     <span class='ocr_line' id='line_1_32' title="bbox 279 3028 1398 3112; baseline 0.004 -18"><span class='ocrx_word' id='word_1_247' title='bbox 279 3039 309 3094; x_wconf 91' lang='lat' dir='ltr'><strong><em>et</em></strong></span> <span class='ocrx_word' id='word_1_248' title='bbox 329 3028 520 3096; x_wconf 74' lang='lat' dir='ltr'><strong><em>exosculata</em></strong></span> <span class='ocrx_word' id='word_1_249' title='bbox 541 3054 652 3095; x_wconf 88' lang='lat' dir='ltr'><strong><em>eorum</em></strong></span> <span class='ocrx_word' id='word_1_250' title='bbox 673 3033 817 3112; x_wconf 82' lang='lat' dir='ltr'><strong><em>deutera,</em></strong></span> <span class='ocrx_word' id='word_1_251' title='bbox 845 3055 956 3097; x_wconf 88' lang='lat' dir='ltr'><strong><em>eorum</em></strong></span> <span class='ocrx_word' id='word_1_252' title='bbox 977 3055 1011 3096; x_wconf 86' lang='lat' dir='ltr'><strong><em>se</em></strong></span> <span class='ocrx_word' id='word_1_253' title='bbox 1032 3033 1169 3097; x_wconf 88' lang='lat' dir='ltr'><strong><em>credant</em></strong></span> <span class='ocrx_word' id='word_1_254' title='bbox 1190 3034 1398 3099; x_wconf 87' lang='lat' dir='ltr'><strong><em>orationibus</em></strong></span> 
     </span>
     <span class='ocr_line' id='line_1_33' title="bbox 279 3116 1396 3200; baseline 0.004 -21"><span class='ocrx_word' id='word_1_255' title='bbox 279 3116 495 3180; x_wconf 71' lang='lat' dir='ltr'><strong><em>communiri!</em></strong></span> <span class='ocrx_word' id='word_1_256' title='bbox 542 3116 587 3178; x_wconf 86' lang='lat' dir='ltr'><strong><em>Et</em></strong></span> <span class='ocrx_word' id='word_1_257' title='bbox 638 3125 686 3178; x_wconf 92' lang='lat' dir='ltr'><strong><em>ost</em></strong></span> <span class='ocrx_word' id='word_1_258' title='bbox 706 3138 843 3199; x_wconf 89' lang='lat' dir='ltr'><strong><em>pauca:</em></strong></span> <span class='ocrx_word' id='word_1_259' title='bbox 874 3116 976 3180; x_wconf 88' lang='lat' dir='ltr'><strong><em>‘Haec</em></strong></span> <span class='ocrx_word' id='word_1_260' title='bbox 1004 3125 1133 3198; x_wconf 89' lang='lat' dir='ltr'><strong><em>cuncta,</em></strong></span> <span class='ocrx_word' id='word_1_261' title='bbox 1152 3117 1294 3200; x_wconf 83' lang='lat' dir='ltr'><strong><em>fratres,</em></strong></span> <span class='ocrx_word' id='word_1_262' title='bbox 1322 3118 1396 3182; x_wconf 88' lang='lat' dir='ltr'><strong><em>ideo</em></strong></span> 
     </span>
     <span class='ocr_line' id='line_1_34' title="bbox 279 3139 1396 3284; baseline 0.004 -23"><span class='ocrx_word' id='word_1_263' title='bbox 279 3221 339 3263; x_wconf 89' lang='lat' dir='ltr'><strong><em>nos</em></strong></span> <span class='ocrx_word' id='word_1_264' title='bbox 355 3199 571 3283; x_wconf 73' lang='lat' dir='ltr'><strong><em>praemisisse</em></strong></span> <span class='ocrx_word' id='word_1_265' title='bbox 592 3139 710 3263; x_wconf 62' lang='lat' dir='ltr'><strong><em>dlibetis</em></strong></span> <span class='ocrx_word' id='word_1_266' title='bbox 732 3221 915 3284; x_wconf 85' lang='lat' dir='ltr'><strong><em>aqnoscere,</em></strong></span> <span class='ocrx_word' id='word_1_267' title='bbox 948 3209 985 3262; x_wconf 89' lang='lat' dir='ltr'><strong><em>ut</em></strong></span> <span class='ocrx_word' id='word_1_268' title='bbox 1007 3201 1254 3283; x_wconf 85' lang='lat' dir='ltr'><strong><em>ostenderemus,</em></strong></span> <span class='ocrx_word' id='word_1_269' title='bbox 1291 3202 1396 3267; x_wconf 80' lang='lat' dir='ltr'><strong><em>nicisii</em></strong></span> 
     </span>
     <span class='ocr_line' id='line_1_35' title="bbox 278 3282 1395 3365; baseline 0.004 -18"><span class='ocrx_word' id='word_1_270' title='bbox 278 3304 345 3347; x_wconf 85' lang='lat' dir='ltr'><strong><em>esse</em></strong></span> <span class='ocrx_word' id='word_1_271' title='bbox 366 3284 403 3346; x_wconf 92' lang='lat' dir='ltr'><strong><em>in</em></strong></span> <span class='ocrx_word' id='word_1_272' title='bbox 427 3282 484 3346; x_wconf 73' lang='lat' dir='ltr'><strong><em>icoc</em></strong></span> <span class='ocrx_word' id='word_1_273' title='bbox 511 3282 640 3346; x_wconf 84' lang='lat' dir='ltr'><strong><em>saecu-io</em></strong></span> <span class='ocrx_word' id='word_1_274' title='bbox 669 3283 891 3348; x_wconf 84' lang='lat' dir='ltr'><strong><em>sacerdotibus</em></strong></span> <span class='ocrx_word' id='word_1_275' title='bbox 918 3283 1135 3365; x_wconf 73' lang='lat' dir='ltr'><strong><em>eccellentius,</em></strong></span> <span class='ocrx_word' id='word_1_276' title='bbox 1164 3286 1269 3350; x_wconf 75' lang='lat' dir='ltr'><strong><em>nictit</em></strong></span> <span class='ocrx_word' id='word_1_277' title='bbox 1294 3285 1395 3351; x_wconf 82' lang='lat' dir='ltr'><strong><em>subli-</em></strong></span> 
     </span>
     <span class='ocr_line' id='line_1_36' title="bbox 278 3367 1396 3454; baseline 0.004 -24"><span class='ocrx_word' id='word_1_278' title='bbox 278 3368 362 3430; x_wconf 87' lang='lat' dir='ltr'><strong><em>mius</em></strong></span> <span class='ocrx_word' id='word_1_279' title='bbox 384 3367 548 3451; x_wconf 91' lang='lat' dir='ltr'><strong><em>episcopis</em></strong></span> <span class='ocrx_word' id='word_1_280' title='bbox 570 3368 731 3452; x_wconf 71' lang='lat' dir='ltr'><strong><em>reperiri!</em></strong></span> <span class='ocrx_word' id='word_1_281' title='bbox 773 3368 960 3432; x_wconf 87' lang='lat' dir='ltr'><strong><em>Meminisse</em></strong></span> <span class='ocrx_word' id='word_1_282' title='bbox 975 3369 1072 3432; x_wconf 89' lang='lat' dir='ltr'><strong><em>etiam</em></strong></span> <span class='ocrx_word' id='word_1_283' title='bbox 1087 3369 1175 3434; x_wconf 83' lang='lat' dir='ltr'><strong><em>debet</em></strong></span> <span class='ocrx_word' id='word_1_284' title='bbox 1187 3369 1396 3454; x_wconf 88' lang='lat' dir='ltr'><strong><em>fraternitas</em></strong></span> 
     </span>
     <span class='ocr_line' id='line_1_37' title="bbox 278 3451 1393 3537; baseline 0.005 -24"><span class='ocrx_word' id='word_1_285' title='bbox 278 3459 347 3530; x_wconf 89' lang='lat' dir='ltr'><strong><em>tua,</em></strong></span> <span class='ocrx_word' id='word_1_286' title='bbox 375 3451 457 3534; x_wconf 89' lang='lat' dir='ltr'><strong><em>quia</em></strong></span> <span class='ocrx_word' id='word_1_287' title='bbox 477 3453 586 3516; x_wconf 87' lang='lat' dir='ltr'><strong><em>maior</em></strong></span> <span class='ocrx_word' id='word_1_288' title='bbox 603 3459 749 3535; x_wconf 87' lang='lat' dir='ltr'><strong><em>potestas</em></strong></span> <span class='ocrx_word' id='word_1_289' title='bbox 770 3452 950 3516; x_wconf 82' lang='lat' dir='ltr'><strong><em>enorcistae</em></strong></span> <span class='ocrx_word' id='word_1_290' title='bbox 971 3452 1169 3533; x_wconf 90' lang='lat' dir='ltr'><strong><em>conceditur,</em></strong></span> <span class='ocrx_word' id='word_1_291' title='bbox 1197 3477 1269 3517; x_wconf 92' lang='lat' dir='ltr'><strong><em>cum</em></strong></span> <span class='ocrx_word' id='word_1_292' title='bbox 1291 3455 1393 3537; x_wconf 89' lang='lat' dir='ltr'><strong><em>spiri-</em></strong></span> 
     </span>
     <span class='ocr_line' id='line_1_38' title="bbox 278 3532 1395 3623; baseline 0.005 -28"><span class='ocrx_word' id='word_1_293' title='bbox 278 3532 380 3597; x_wconf 82' lang='lat' dir='ltr'><strong><em>tualis</em></strong></span> <span class='ocrx_word' id='word_1_294' title='bbox 400 3536 580 3618; x_wconf 91' lang='lat' dir='ltr'><strong><em>imperator</em></strong></span> <span class='ocrx_word' id='word_1_295' title='bbox 602 3535 647 3600; x_wconf 91' lang='lat' dir='ltr'><strong><em>ad</em></strong></span> <span class='ocrx_word' id='word_1_296' title='bbox 670 3535 847 3621; x_wconf 79' lang='lat' dir='ltr'><strong><em>abiqendos</em></strong></span> <span class='ocrx_word' id='word_1_297' title='bbox 863 3536 1035 3600; x_wconf 89' lang='lat' dir='ltr'><strong><em>daemones</em></strong></span> <span class='ocrx_word' id='word_1_298' title='bbox 1049 3538 1272 3618; x_wconf 89' lang='lat' dir='ltr'><strong><em>constituitur,</em></strong></span> <span class='ocrx_word' id='word_1_299' title='bbox 1295 3561 1395 3623; x_wconf 89' lang='lat' dir='ltr'><strong><em>quum</em></strong></span> 
     </span>
     <span class='ocr_line' id='line_1_39' title="bbox 277 3616 1394 3686; baseline 0.004 -6"><span class='ocrx_word' id='word_1_300' title='bbox 277 3616 381 3681; x_wconf 85' lang='lat' dir='ltr'><strong><em>alicui</em></strong></span> <span class='ocrx_word' id='word_1_301' title='bbox 401 3617 564 3683; x_wconf 82' lang='lat' dir='ltr'><strong><em>laicorum</em></strong></span> <span class='ocrx_word' id='word_1_302' title='bbox 585 3641 689 3683; x_wconf 88' lang='lat' dir='ltr'><strong><em>causa</em></strong></span> <span class='ocrx_word' id='word_1_303' title='bbox 711 3617 894 3683; x_wconf 84' lang='lat' dir='ltr'><strong><em>saecularis</em></strong></span> <span class='ocrx_word' id='word_1_304' title='bbox 908 3619 1145 3684; x_wconf 88' lang='lat' dir='ltr'><strong><em>dominationis</em></strong></span> <span class='ocrx_word' id='word_1_305' title='bbox 1163 3621 1266 3686; x_wconf 85' lang='lat' dir='ltr'><strong><em>tribui</em></strong></span> <span class='ocrx_word' id='word_1_306' title='bbox 1305 3624 1394 3686; x_wconf 92' lang='lat' dir='ltr'><strong><em>ossit.</em></strong></span> 
     </span>
     <span class='ocr_line' id='line_1_40' title="bbox 283 3699 1394 3792; baseline 0.006 -29"><span class='ocrx_word' id='word_1_307' title='bbox 283 3699 440 3765; x_wconf 82' lang='lat' dir='ltr'><strong><em>Omnibus</em></strong></span> <span class='ocrx_word' id='word_1_308' title='bbox 461 3703 592 3787; x_wconf 82' lang='lat' dir='ltr'><strong><em>reqibus</em></strong></span> <span class='ocrx_word' id='word_1_309' title='bbox 614 3726 727 3788; x_wconf 89' lang='lat' dir='ltr'><strong><em>nempe</em></strong></span> <span class='ocrx_word' id='word_1_310' title='bbox 749 3713 778 3765; x_wconf 89' lang='lat' dir='ltr'><strong><em>et</em></strong></span> <span class='ocrx_word' id='word_1_311' title='bbox 793 3703 1007 3787; x_wconf 79' lang='lat' dir='ltr'><strong><em>principibus</em></strong></span> <span class='ocrx_word' id='word_1_312' title='bbox 1029 3712 1144 3785; x_wconf 89' lang='lat' dir='ltr'><strong><em>terrae,</em></strong></span> <span class='ocrx_word' id='word_1_313' title='bbox 1167 3707 1260 3788; x_wconf 91' lang='lat' dir='ltr'><strong><em>quir</em></strong></span> <span class='ocrx_word' id='word_1_314' title='bbox 1290 3707 1394 3792; x_wconf 84' lang='lat' dir='ltr'><strong><em>iqiose</em></strong></span> 
     </span>
     <span class='ocr_line' id='line_1_41' title="bbox 277 3787 1396 3874; baseline 0.004 -26"><span class='ocrx_word' id='word_1_315' title='bbox 277 3806 344 3848; x_wconf 90' lang='lat' dir='ltr'><strong><em>non</em></strong></span> <span class='ocrx_word' id='word_1_316' title='bbox 365 3787 489 3865; x_wconf 90' lang='lat' dir='ltr'><strong><em>uiuunt,</em></strong></span> <span class='ocrx_word' id='word_1_317' title='bbox 519 3795 548 3850; x_wconf 91' lang='lat' dir='ltr'><strong><em>et</em></strong></span> <span class='ocrx_word' id='word_1_318' title='bbox 574 3787 611 3851; x_wconf 93' lang='lat' dir='ltr'><strong><em>in</em></strong></span> <span class='ocrx_word' id='word_1_319' title='bbox 633 3787 758 3851; x_wconf 84' lang='lat' dir='ltr'><strong><em>actibus</em></strong></span> <span class='ocrx_word' id='word_1_320' title='bbox 780 3787 851 3850; x_wconf 88' lang='lat' dir='ltr'><strong><em>suis</em></strong></span> <span class='ocrx_word' id='word_1_321' title='bbox 871 3787 988 3867; x_wconf 87' lang='lat' dir='ltr'><strong><em>Deum,</em></strong></span> <span class='ocrx_word' id='word_1_322' title='bbox 1018 3796 1054 3850; x_wconf 92' lang='lat' dir='ltr'><strong><em>ut</em></strong></span> <span class='ocrx_word' id='word_1_323' title='bbox 1082 3798 1214 3874; x_wconf 87' lang='lat' dir='ltr'><strong><em>oportet,</em></strong></span> <span class='ocrx_word' id='word_1_324' title='bbox 1242 3813 1308 3855; x_wconf 94' lang='lat' dir='ltr'><strong><em>non</em></strong></span> <span class='ocrx_word' id='word_1_325' title='bbox 1330 3813 1396 3854; x_wconf 91' lang='lat' dir='ltr'><strong><em>me-</em></strong></span> 
     </span>
     <span class='ocr_line' id='line_1_42' title="bbox 276 3869 1396 3954; baseline 0.007 -24"><span class='ocrx_word' id='word_1_326' title='bbox 276 3878 383 3946; x_wconf 86' lang='lat' dir='ltr'><strong><em>tuunt,</em></strong></span> <span class='ocrx_word' id='word_1_327' title='bbox 412 3869 584 3934; x_wconf 90' lang='lat' dir='ltr'><strong><em>daemones</em></strong></span> <span class='ocrx_word' id='word_1_328' title='bbox 611 3871 673 3934; x_wconf 84' lang='lat' dir='ltr'><strong><em>lseu</em></strong></span> <span class='ocrx_word' id='word_1_329' title='bbox 697 3871 785 3954; x_wconf 79' lang='lat' dir='ltr'><strong><em>proi</em></strong></span> <span class='ocrx_word' id='word_1_330' title='bbox 815 3869 930 3936; x_wconf 79' lang='lat' dir='ltr'><strong><em>dolor!</em></strong></span> <span class='ocrx_word' id='word_1_331' title='bbox 960 3871 1189 3950; x_wconf 90' lang='lat' dir='ltr'><strong><em>dominantur,</em></strong></span> <span class='ocrx_word' id='word_1_332' title='bbox 1218 3883 1248 3936; x_wconf 90' lang='lat' dir='ltr'><strong><em>et</em></strong></span> <span class='ocrx_word' id='word_1_333' title='bbox 1273 3875 1396 3939; x_wconf 89' lang='lat' dir='ltr'><strong><em>misera</em></strong></span> 
     </span>
     <span class='ocr_line' id='line_1_43' title="bbox 276 3953 1394 4040; baseline 0.007 -24"><span class='ocrx_word' id='word_1_334' title='bbox 276 3955 428 4018; x_wconf 84' lang='lat' dir='ltr'><strong><em>seruitute</em></strong></span> <span class='ocrx_word' id='word_1_335' title='bbox 450 3954 668 4038; x_wconf 89' lang='lat' dir='ltr'><strong><em>confundunt.</em></strong></span> <span class='ocrx_word' id='word_1_336' title='bbox 714 3953 808 4018; x_wconf 85' lang='lat' dir='ltr'><strong><em>Tales</em></strong></span> <span class='ocrx_word' id='word_1_337' title='bbox 830 3956 916 4020; x_wconf 89' lang='lat' dir='ltr'><strong><em>onim</em></strong></span> <span class='ocrx_word' id='word_1_338' title='bbox 938 3977 1004 4020; x_wconf 92' lang='lat' dir='ltr'><strong><em>non</em></strong></span> <span class='ocrx_word' id='word_1_339' title='bbox 1027 3955 1141 4021; x_wconf 91' lang='lat' dir='ltr'><strong><em>diuino</em></strong></span> <span class='ocrx_word' id='word_1_340' title='bbox 1163 3957 1255 4022; x_wconf 90' lang='lat' dir='ltr'><strong><em>ducti</em></strong></span> <span class='ocrx_word' id='word_1_341' title='bbox 1275 3980 1394 4040; x_wconf 90' lang='lat' dir='ltr'><strong><em>amore,</em></strong></span> 
     </span>
    </p>
   </div>
   <div class='ocr_carea' id='block_1_4' title="bbox 276 4131 1396 4190">
    <p class='ocr_par' dir='ltr' id='par_1_5' title="bbox 276 4131 1396 4190">
     <span class='ocr_line' id='line_1_44' title="bbox 276 4131 1396 4190; baseline 0.008 -17"><span class='ocrx_word' id='word_1_342' title='bbox 276 4131 300 4186; x_wconf 74' lang='lat' dir='ltr'><strong><em>a)</em></strong></span> <span class='ocrx_word' id='word_1_343' title='bbox 316 4133 439 4174; x_wconf 73' lang='lat' dir='ltr'><strong><em>Zsohsrisr</em></strong></span> <span class='ocrx_word' id='word_1_344' title='bbox 448 4134 616 4176; x_wconf 77' lang='lat' dir='ltr'><strong><em>videlicctadd.</em></strong></span> <span class='ocrx_word' id='word_1_345' title='bbox 630 4135 655 4175; x_wconf 84' lang='lat' dir='ltr'><strong><em>in</em></strong></span> <span class='ocrx_word' id='word_1_346' title='bbox 663 4134 757 4186; x_wconf 80' lang='lat' dir='ltr'><strong><em>Beqistrt</em></strong></span> <span class='ocrx_word' id='word_1_347' title='bbox 772 4135 841 4176; x_wconf 70' lang='lat' dir='ltr'><strong><em>coine</em></strong></span> <span class='ocrx_word' id='word_1_348' title='bbox 854 4146 934 4176; x_wconf 82' lang='lat' dir='ltr'><strong><em>manus</em></strong></span> <span class='ocrx_word' id='word_1_349' title='bbox 945 4137 1062 4187; x_wconf 81' lang='lat' dir='ltr'><strong><em>posterior.</em></strong></span> <span class='ocrx_word' id='word_1_350' title='bbox 1101 4135 1125 4188; x_wconf 88' lang='lat' dir='ltr'><strong><em>b)</em></strong></span> <span class='ocrx_word' id='word_1_351' title='bbox 1141 4137 1197 4178; x_wconf 79' lang='lat' dir='ltr'><strong><em>deest</em></strong></span> <span class='ocrx_word' id='word_1_352' title='bbox 1207 4141 1226 4180; x_wconf 91' lang='lat'><strong><em>1.</em></strong></span> <span class='ocrx_word' id='word_1_353' title='bbox 1266 4137 1287 4190; x_wconf 91' lang='lat' dir='ltr'><strong><em>o)</em></strong></span> <span class='ocrx_word' id='word_1_354' title='bbox 1297 4139 1364 4187; x_wconf 78' lang='lat' dir='ltr'><strong><em>Quod</em></strong></span> <span class='ocrx_word' id='word_1_355' title='bbox 1374 4142 1396 4182; x_wconf 83' lang='lat'><strong><em>1.</em></strong></span> 
     </span>
    </p>
   </div>
   <div class='ocr_carea' id='block_1_5' title="bbox 278 4263 1396 4405">
    <p class='ocr_par' dir='ltr' id='par_1_6' title="bbox 278 4263 1396 4405">
     <span class='ocr_line' id='line_1_45' title="bbox 278 4263 1396 4336; baseline 0.011 -22"><span class='ocrx_word' id='word_1_356' title='bbox 278 4263 306 4329; x_wconf 79' lang='lat'><strong><em>1)</em></strong></span> <span class='ocrx_word' id='word_1_357' title='bbox 327 4263 404 4316; x_wconf 82' lang='lat' dir='ltr'><strong><em>Libri</em></strong></span> <span class='ocrx_word' id='word_1_358' title='bbox 423 4264 464 4316; x_wconf 91' lang='lat' dir='ltr'><strong><em>De</em></strong></span> <span class='ocrx_word' id='word_1_359' title='bbox 483 4265 612 4334; x_wconf 85' lang='lat' dir='ltr'><strong><em>diqnitote</em></strong></span> <span class='ocrx_word' id='word_1_360' title='bbox 630 4267 798 4330; x_wconf 86' lang='lat' dir='ltr'><strong><em>sacerdotati,</em></strong></span> <span class='ocrx_word' id='word_1_361' title='bbox 818 4265 955 4318; x_wconf 79' lang='lat' dir='ltr'><strong><em>Ambrosio</em></strong></span> <span class='ocrx_word' id='word_1_362' title='bbox 974 4269 1119 4336; x_wconf 84' lang='lat' dir='ltr'><strong><em>suppositi,</em></strong></span> <span class='ocrx_word' id='word_1_363' title='bbox 1143 4267 1209 4336; x_wconf 89' lang='lat' dir='ltr'><strong><em>Opp.</em></strong></span> <span class='ocrx_word' id='word_1_364' title='bbox 1230 4271 1272 4324; x_wconf 88' lang='lat' dir='ltr'><strong><em>ed.</em></strong></span> <span class='ocrx_word' id='word_1_365' title='bbox 1290 4271 1396 4328; x_wconf 86' lang='lat' dir='ltr'><strong><em>Bened.</em></strong></span> 
     </span>
     <span class='ocr_line' id='line_1_46' title="bbox 280 4335 887 4405; baseline 0.012 -19"><span class='ocrx_word' id='word_1_366' title='bbox 280 4337 310 4387; x_wconf 76' lang='lat' dir='ltr'><strong><em>T.</em></strong></span> <span class='ocrx_word' id='word_1_367' title='bbox 329 4336 373 4389; x_wconf 88' lang='grc' dir='ltr'><strong><em>ΙΙ.</em></strong></span> <span class='ocrx_word' id='word_1_368' title='bbox 392 4335 463 4402; x_wconf 79' lang='lat' dir='ltr'><strong><em>App.</em></strong></span> <span class='ocrx_word' id='word_1_369' title='bbox 478 4355 509 4404; x_wconf 88' lang='lat' dir='ltr'><strong><em>p.</em></strong></span> <span class='ocrx_word' id='word_1_370' title='bbox 528 4340 590 4404; x_wconf 78' lang='lat'><strong><em>869,</em></strong></span> <span class='ocrx_word' id='word_1_371' title='bbox 609 4347 639 4390; x_wconf 91' lang='lat' dir='ltr'><strong><em>ut</em></strong></span> <span class='ocrx_word' id='word_1_372' title='bbox 657 4340 759 4392; x_wconf 87' lang='lat' dir='ltr'><strong><em>monuit</em></strong></span> <span class='ocrx_word' id='word_1_373' title='bbox 777 4339 887 4405; x_wconf 80' lang='lat' dir='ltr'><strong><em>Joffius.</em></strong></span> 
     </span>
    </p>
   </div>
   <div class='ocr_carea' id='block_1_6' title="bbox 0 0 1554 4818">
    <p class='ocr_par' dir='ltr' id='par_1_7' title="bbox 0 0 1554 4818">
     <span class='ocr_line' id='line_1_47' title="bbox 0 0 1554 4818; baseline 0 3"><span class='ocrx_word' id='word_1_374' title='bbox 0 0 1554 4818; x_wconf 95' lang='lat' dir='ltr'><strong><em> </em></strong></span> 
     </span>
    </p>
   </div>
  </div>
 </body>
</html>
