3116 4822
347 409 397 459 DE
416 405 576 457 UNITATE
596 404 801 456 EOOLESIAE
825 405 1102 460 CONSERVANDA.
1249 406 1284 456 43

164 599 255 658 ecce,
284 578 432 663 inquam,
463 595 536 638 cum
563 573 643 638 tales
671 577 734 640 sint
762 575 908 660 episcopi
929 573 1143 641 Hildebrandi
1170 595 1284 662 papae,

165 661 316 728 scribitur
336 663 371 723 in
393 681 451 723 sua
469 681 664 746 suorumque
678 668 770 744 parte
793 671 906 723 saneta
925 669 1028 724 mater
1048 660 1183 725 ecelesia
1205 681 1285 742 esse,

166 769 238 812 cum
267 744 436 825 catholica,
465 745 527 807 hoc
555 753 604 808 est
632 743 822 808 universalis
852 743 987 808 ecclesia
1014 767 1080 809 non
1105 745 1148 808 sit
1173 745 1208 807 in
1229 743 1285 808 ali-

165 853 301 918 quarum
321 829 471 914 'partium
501 830 661 910 scismate,
691 827 748 892 sed
773 829 807 890 in
835 829 1041 893 universitate
1062 828 1205 894 fidelium
1250 851 1285 893 er

164 917 314 1003 spiritum
340 915 431 1000 pacis
461 921 493 976 et
514 914 654 977 caritatis
677 912 879 977 adinvicem
901 913 1175 978 concordantium.
1218 851 1284 978 lie-

164 999 352 1066 seribuntur
373 1000 470 1062 etiam
490 1019 559 1062 esse
582 996 641 1060 filii
660 997 735 1080 Dei,
760 1017 833 1060 cum
856 997 1037 1082 specialiter
1058 1000 1091 1062 in
1113 997 1292 1084 euangelio,

165 1085 315 1149 dieantur
342 1081 399 1146 filii
420 1082 486 1146 Dei
514 1083 570 1168 qui
597 1091 670 1144 sunt
700 1081 838 1168 pacifici.
890 1082 1127 1146 Describuntur
1154 1103 1436 1168 quoquerraanss.

164 1167 326 1254 spiritales
352 1189 432 1248 esse,
461 1166 548 1253 quod
570 1175 619 1230 est
644 1167 698 1251 agi
724 1167 840 1252 spiritu
863 1165 936 1248 Dei,
958 1166 1108 1252 idemque
1129 1169 1164 1231 in
1187 1166 1284 1230 caelis

165 1253 358 1334 conversari,
386 1273 460 1314 oum
489 1249 636 1336 profecto
664 1250 771 1328 caelis,
800 1251 856 1336 qui
883 1259 1032 1314 enarrant
1052 1249 1188 1335 gloriam
1209 1250 1410 1332 Dei,1>s.1s‚r.

165 1337 253 1402 dieat
285 1339 318 1400 in
350 1333 517 1420 euangelio
546 1335 717 1400 Dominus:
758 1335 828 1416 Vos,
856 1335 1014 1420 inquiens,
1042 1359 1114 1400 aare
1132 1335 1284 1420 feceritis

167 1424 278 1486 omnia
311 1445 394 1506 qaae
422 1431 605 1506 praecepta
635 1429 711 1484 aaut
740 1420 840 1502 vobis,
873 1420 989 1484 dieite:
1019 1419 1125 1485 ‘Servi
1150 1419 1437 1498 inatilesnueauro.

165 1529 287 1587 sumas,
314 1507 401 1590 quod
429 1505 598 1570 debuimus
615 1505 734 1589 faeere
752 1503 917 1588 feeimas'·.
961 1503 1027 1569 Sed
1054 1513 1090 1568 ut
1119 1503 1284 1589 decipiant

163 1591 310 1654 incautos
341 1589 478 1654 ministri
510 1599 651 1670 satanae,
683 1589 739 1674 qui
767 1588 975 1674 transfigurat
1008 1610 1042 1653 se
1068 1589 1103 1652 in
1134 1587 1284 1674 angelum

161 1673 252 1755 lueis,
274 1673 542 1760 transfigurantur
557 1682 589 1738 et
603 1673 677 1759 ipsi,
697 1674 779 1736 sicut
793 1672 958 1758 apostolus
973 1673 1028 1754 ait,
1043 1673 1132 1737 velut
1145 1673 1284 1736 ministri
1294 1649 1425 1752 *diffidi

163 1759 313 1840 iustitiae,
342 1760 375 1822 in
403 1757 522 1845 quibus
543 1759 624 1857 ipse,
655 1759 711 1844 qui
732 1757 849 1822 dicitur
870 1779 930 1821 rex
951 1780 1048 1844 super
1070 1779 1179 1822 omnes
1200 1755 1284 1820 filios

163 1842 344 1929 superbiae,
378 1853 529 1929 operatur
559 1865 625 1908 ram
658 1842 846 1926 mysterium
875 1839 960 1905 illius
992 1843 1208 1926 arrogantiae:
1242 1842 1283 1905 Ia
1307 1823 1438 1924 ³⁸3¹4f’w·

166 1929 301 2009 caelant,
334 1929 495 2014 inquiens,
527 1927 753 2007 conscendam,
785 1949 890 2010 supra
921 1937 1011 1989 astra
1038 1927 1105 1989 Dei
1133 1926 1283 1990 resultabo

165 2012 284 2076 solium
305 2035 419 2094 meam,
441 2012 553 2076 sedebo
574 2015 612 2077 in
627 2019 731 2076 monte
744 2013 934 2090 testamenti,
956 2012 994 2074 in
1015 2010 1172 2074 lateribus
1188 2012 1282 2096 aqui-

164 2096 263 2178 lonis,
290 2095 376 2161 unde
401 2095 581 2182 refrigescit
608 2097 724 2159 caritas
744 2092 927 2175 multorum,
952 2095 1065 2158 sedebo
1088 2117 1189 2179 super
1212 2078 1421 2189 altifffifl'

165 2182 311 2245 tudinem
340 2181 475 2246 nubium
505 2181 700 2260 caelestium,
729 2179 852 2242 scilicet
876 2177 1147 2264 praedicatorum,
1170 2187 1198 2241 et
1220 2201 1284 2260 aro,

165 2265 279 2352 inquit,
295 2263 411 2330 similis
425 2264 603 2330 Altissimo.
631 2263 737 2346 Unde,
751 2264 914 2349 inquamr,
929 2263 1059 2350 quidam
1074 2263 1203 2326 nomine
1217 2271 1285 2326 tan-

164 2359 234 2413 tum
256 2349 449 2414 christianae
471 2349 679 2434 professionis
701 2347 841 2430 inflatus,
862 2369 937 2413 vere
951 2357 1060 2414 autem
1075 2369 1188 2411 carens
1204 2346 1285 2411 chri-

164 2434 288 2497 stianae
316 2433 479 2518 religionis
505 2433 684 2514 fructibus,
714 2454 788 2496 cum
817 2433 996 2518 oportuerit
1022 2455 1097 2496 eum
1123 2430 1285 2496 humiliter

167 2539 202 2582 se
217 2540 321 2602 agere,
342 2519 527 2604 arrogantia
540 2516 651 2600 elatus,
672 2519 847 2603 assumpsit
868 2517 930 2581 sibi
951 2515 1074 2602 aliquid
1088 2517 1285 2582 auctoritatis

166 2601 361 2688 apostolicae
390 2613 423 2666 et
450 2601 563 2667 scribit
588 2601 631 2665 ad
654 2621 764 2665 omnes
787 2599 941 2665 eeclesias
963 2599 1140 2686 epistolam,
1164 2603 1198 2664 in
1220 2623 1285 2688 qua

166 2685 283 2750 docere
304 2695 440 2752 conatur
465 2707 521 2751 eos
548 2687 603 2772 qui
625 2685 724 2750 multo
746 2686 865 2750 rectius
890 2706 987 2770 quam
1008 2687 1078 2770 ipse
1100 2684 1284 2768 credebant,

165 2780 198 2834 et
220 2769 404 2836 cohortatur
425 2792 547 2854 omnes,
575 2769 618 2834 ad
638 2791 739 2834 novas
760 2771 997 2834 institutionum
1027 2776 1131 2832 sectas
1158 2790 1283 2834 accom-

166 2853 299 2920 modare
320 2878 430 2920 aurem
452 2877 563 2920 suam:
587 2855 686 2937 Huic,
708 2855 823 2940 inquit,
844 2853 971 2918 nuliam
986 2851 1142 2938 epistolae
1157 2853 1282 2918 saluta·

165 2942 285 3004 tionem
314 2939 403 3006 volui
428 2940 625 3026 praefigere,
654 2940 692 3004 ia
720 2962 787 3026 qua
811 2937 912 3020 illias,
935 2941 991 3003 cai
1012 2961 1070 3003 aee
1093 2961 1151 3002 ave
1173 2939 1283 3002 dieen-

164 3026 245 3088 durn
267 3034 344 3107 est1,
374 3027 507 3110 seraptis
528 3024 738 3110 respondebo.
789 3023 855 3098 Qui
883 3023 977 3088 babet
1005 3045 1104 3087 aures
1127 3021 1285 3088 audiendi

166 3109 296 3172 audiat.
339 3109 383 3172 Et
410 3118 486 3194 post
512 3107 630 3195 aliqua,
658 3109 774 3195 quibus
794 3107 897 3172 furem
920 3130 990 3172 esse
1011 3115 1107 3194 atque
1127 3106 1285 3172 latronem

163 3191 330 3274 describit,
350 3193 406 3280 qui
419 3193 602 3258 ascenderit
614 3193 743 3258 aliunde
758 3193 935 3258 secundum
951 3191 1137 3278 euangelica
1150 3192 1284 3256 Domini
1293 3213 1343 3258 Ioh.
1354 3215 1390 3268 ro,
1399 3216 1419 3257 1.

162 3277 269 3360 dieta,
315 3277 431 3345 Caveto
459 3280 574 3364 igitar,
606 3279 721 3364 inquit,
754 3287 790 3342 ta
818 3279 1007 3359 christiane,
1037 3300 1077 3340 ne
1111 3277 1283 3362 Wiqberdo

163 3363 261 3428 eorde
289 3361 339 3427 aei
368 3384 422 3427 ore
450 3362 576 3428 disceris
604 3387 750 3448 unquam
780 3385 848 3426 ave.
892 3361 987 3444 Ecce,
1010 3361 1202 3446 magnificus
1230 3359 1284 3425 ille

162 3445 312 3511 laudator
332 3445 545 3511 Hildebrandi
567 3468 672 3534 papae
694 3445 850 3532 probatur
870 3446 1046 3510 instituisse
1066 3444 1187 3509 scolam
1210 3466 1284 3508 eon-

161 3531 324 3610 tentionis,
347 3531 403 3616 qui
424 3529 525 3596 noluit
546 3554 617 3597 esse
631 3532 837 3596 annuntiator
852 3529 972 3612 salutis,
987 3529 1131 3593 indicans
1149 3530 1183 3592 in
1198 3529 1283 3615 prin-

163 3615 251 3700 cipio
273 3615 428 3701 epistolae
456 3637 543 3694 suae,
573 3615 806 3696 salutationem,
829 3637 911 3701 quae
933 3637 954 3679 a
974 3613 1074 3678 salute
1096 3615 1225 3696 dicitur,
1248 3637 1282 3680 se

163 3698 248 3764 nolle
276 3699 371 3764 nobis
398 3700 632 3784 praescribere,
662 3722 736 3764 cum
765 3701 943 3786 praecipiat
969 3697 1088 3763 Paulus
1117 3697 1282 3784 apostolus

162 3785 278 3850 fratres
308 3783 446 3848 salutare
473 3806 507 3848 se
533 3785 672 3849 invicem
693 3786 728 3848 in
749 3784 859 3849 osculo
881 3793 1005 3866 sanot03
1034 3785 1282 3871 quadrigarum,

164 3870 279 3956 inquit,
302 3869 513 3932 salutationis
533 3871 570 3934 in
586 3873 674 3934 omni
688 3870 828 3956 epistola
849 3870 898 3932 ita
920 3871 1036 3933 serite.
1073 3870 1164 3932 Unde
1180 3891 1278 3953 rapa-

164 3977 246 4034 mus,
274 3954 389 4039 inquit,
420 3975 475 4016 aas
486 3953 618 4037 fratres
633 3977 699 4038 per
725 3955 899 4019 aduentam
928 3954 1054 4018 domini
1077 3956 1184 4018 nostri
1205 3955 1280 4018 Iesu
1290 3949 1398 4050 arpep.
1410 3953 1429 3999 θ’

166 4037 290 4104 Christi
320 4047 349 4102 et
381 4046 512 4101 nostrae
544 4041 809 4124 coaegreqationis
840 4039 878 4102 ia
910 4039 1030 4122 ipsum,
1057 4047 1093 4099 ut
1122 4059 1188 4102 nou
1217 4039 1279 4100 cito
1380 4041 1384 4052 “

163 4124 362 4187 moveamini
384 4145 406 4185 a
426 4131 529 4186 aestro
552 4144 659 4204 sensa,
682 4145 784 4208 oeque
805 4123 998 4186 terreamini
1018 4143 1118 4206 neque
1134 4144 1196 4204 per
1210 4124 1280 4204 spi-

1292 3778 1313 3818 2.
1323 3777 1404 3819 Thess.

1314 3837 1335 3888 a,
1343 3837 1379 3879 1⁷.

167 4255 189 4308 a)
206 4258 283 4307 inquit
299 4261 320 4298 1.

166 4351 339 4476 31D3e96non
365 4353 479 4406 dicendo
506 4371 556 4407 ave
576 4353 765 4423 peccatoribus
791 4356 825 4409 ol.
844 4354 910 4419 Mai,
937 4353 1112 4420 Spieilegium
1132 4357 1282 4408 Romanum

209 4463 216 4489 ,
293 4464 299 4478 .
