3116 4822
339 439 390 488 DE
410 438 568 489 UNITATE
588 439 792 493 ECCLESIAE
813 442 1091 495 CONSEBVANDA.
1265 446 1288 496 3

163 613 324 692 spectaret
338 626 466 669 summa
479 608 588 692 regiae
602 609 770 693 potestatis
785 618 817 673 et
832 609 938 690 officii,
961 609 1082 676 electus
1097 621 1146 676 est
1159 613 1289 698 primus

163 713 206 755 ex
226 689 399 775 praefectis
421 689 533 775 palatii
554 693 588 755 in
609 713 718 777 regem
740 702 773 757 at
797 715 837 757 ue
860 693 1025 760 ordinatus
1047 705 1096 758 est
1116 717 1175 780 per
1196 695 1283 760 beati

161 774 322 839 Bonifacii
335 773 518 858 Mogontini
532 775 764 862 archiepiscopi
775 714 1035 844 henedictionem
1044 791 1067 861 ¹,
1082 781 1171 863 prius
1187 802 1289 866 super·

161 859 223 922 hoc
255 868 391 943 experto
424 858 602 924 Zachariae
634 881 739 944 papae
770 861 902 942 iudicio,
936 864 1012 961 quia
1044 884 1220 928 consensus
1252 873 1289 929 et

161 943 336 1008 auctoritas
359 942 497 1006 Romani
518 943 682 1028 pontificis
703 945 884 1008 necessaria
905 945 981 1010 hurc
994 946 1167 1012 videbatur
1187 969 1227 1012 ne
1252 971 1283 1013 o-

161 1028 218 1092 tio.
261 1027 380 1090 Missus
410 1037 458 1091 est
487 1028 572 1090 enim
594 1027 637 1090 ad
658 1050 731 1092 eum
753 1027 946 1094 venerabilis
967 1031 1053 1096 vitae
1074 971 1288 1096 Burohardus

161 1109 436 1257 Wirziburpensis
458 1109 615 1176 ccclesiae
637 1113 808 1198 episcopus
836 1135 908 1177 cum
931 1113 1002 1178 aliis
1029 1115 1070 1178 ad
1092 1113 1175 1180 hanc
1196 1115 1287 1201 lega·

162 1197 284 1259 tionem
312 1195 324 1256 i
349 1195 437 1259 oncis
465 1196 605 1275 nuntiis,
634 1197 689 1282 qui
718 1219 760 1260 ex
786 1198 947 1262 mandatis
975 1199 1159 1284 principum
1188 1199 1287 1264 inter-

162 1287 315 1362 rogarent
335 1279 404 1342 eius
427 1280 603 1344 sententiae
625 1279 791 1345 oraculum
818 1293 850 1346 et
877 1284 1060 1367 acciperent
1080 1304 1286 1368 responsum,

187 1362 326 1426 uomodo
348 1373 480 1448 possent
500 1363 675 1429 reformare
696 1386 831 1450 regnum
850 1366 1048 1430 Francorum
1072 1367 1105 1428 in
1128 1367 1286 1452 pristinae

161 1384 328 1532 dignitatis
350 1455 479 1528 statum,
502 1447 589 1534 quod
603 1447 702 1514 multo
724 1451 789 1512 iam
810 1461 955 1534 tempore
977 1472 1041 1514 non
1055 1450 1189 1516 haberet
1201 1453 1284 1537 regii

162 1531 293 1594 honoris
314 1531 531 1680 privilegium,
554 1531 643 1595 Illum
669 1553 745 1596 vero
774 1533 829 1620 qui
856 1557 914 1598 rex
937 1533 1097 1598 diceretur
1117 1534 1197 1598 nihil
1217 1557 1283 1598 am-

160 1613 246 1700 plius
275 1613 317 1677 ha
341 1637 394 1678 ere
425 1617 487 1679 nisi
509 1615 672 1702 quoddam
692 1617 768 1680 vani
796 1619 935 1682 nominis
965 1617 1186 1700 simulacrum,
1209 1640 1282 1683 oum

161 1721 221 1764 nec
238 1719 316 1784 opes
338 1720 398 1762 nec
413 1702 558 1784 potentia
578 1722 640 1764 nco
658 1699 767 1786 aliqua
781 1699 950 1786 dispositio
971 1703 1064 1786 regni
1086 1703 1171 1787 apud
1193 1702 1282 1766 illum

162 1793 256 1863 esset,
279 1781 335 1845 sed
354 1782 442 1866 apud
456 1787 610 1848 maiorem
626 1784 750 1866 domus,
773 1785 968 1883 quicumque
982 1785 1103 1871 palatio
1127 1796 1286 1870 preesset5,

161 1865 298 1952 proinde
317 1867 437 1930 iustum
459 1879 491 1933 et
505 1868 654 1932 idoneum
670 1866 731 1931 sibi
754 1869 868 1952 videri,
891 1881 927 1934 ut
941 1869 981 1932 ab
997 1868 1163 1934 Hilderico
1184 1871 1286 1935 totius

162 1951 272 2034 regiae
295 1949 461 2034 dignitatis
484 1963 516 2016 et
536 1953 700 2037 potentiae
722 1953 787 2015 iam
810 1974 852 2016 ex
866 1953 1058 2018 hereditaria
1080 1955 1286 2018 successione

161 2035 289 2120 privato
311 2033 537 2101 transferretur
558 2037 683 2120 regium
705 2057 822 2100 nomen
844 2037 887 2101 ad
901 2038 1085 2122 Pippinum,
1108 2048 1183 2102 tunc
1203 2047 1285 2101 tem-

184 2120 249 2182 oris
270 2118 468 2204 praefectum
491 2119 610 2205 palatii,
633 2121 689 2206 qui
711 2142 769 2205 pro
785 2119 952 2184 nobilitate
973 2144 1032 2185 sua
1052 2131 1148 2207 atque
1163 2123 1281 2186 virtute

160 2142 193 2267 hi
240 2225 277 2267 us
309 2203 431 2284 fuisset,
465 2205 616 2289 quatinus
648 2205 729 2289 ipsc,
762 2206 816 2290 qui
850 2205 938 2268 domi
967 2215 1000 2270 et
1027 2205 1161 2270 militiae
1189 2205 1283 2290 regni

160 2309 204 2372 gu
230 2286 381 2352 emacula
401 2289 526 2352 fortiter
547 2298 744 2372 procuraret,
768 2311 839 2352 cum
854 2289 964 2354 labore
985 2291 1105 2374 pariter
1126 2299 1156 2354 et
1175 2289 1284 2354 officio

159 2393 277 2436 nomen
298 2372 385 2456 regis
407 2371 633 2436 convenienter
654 2375 841 2457 susciperet.
875 2377 1020 2454 Quorum
1035 2372 1281 2458 postulationem

161 2477 235 2518 cum
258 2475 395 2541 aequam
416 2465 513 2541 atque
535 2455 645 2520 utilem
667 2457 841 2521 Zacharias
863 2479 950 2542 papa
970 2457 1154 2538 iudicasset,
1180 2457 1223 2520 ad
1243 2478 1282 2520 ea

161 2561 245 2625 quae
255 2537 461 2624 postulabant
469 2541 638 2621 consensit,
649 2548 681 2602 at
705 2563 744 2603 ue
752 2541 895 2605 eiusdem
905 2563 1080 2604 consensus
1090 2542 1282 2606 sententiam

160 2634 273 2708 postca
300 2622 483 2709 Stephanus
510 2645 597 2709 papa
623 2563 833 2706 conhrmavit,
861 2635 893 2688 et
914 2627 952 2688 Pi
977 2628 1073 2708 pinus
1102 2626 1206 2690 factus
1233 2636 1282 2690 est

159 2729 221 2772 rex
236 2709 397 2772 communi
420 2707 573 2792 suffragio
589 2708 772 2794 principum
781 2719 803 2788 ²,
825 2717 922 2792 atque
970 2708 1120 2772 ildericus
1139 2731 1180 2772 ex
1195 2729 1284 2772 vano-

157 2793 288 2856 nomine
309 2793 395 2876 regis
418 2793 594 2878 promeruit
614 2800 798 2855 tonsuratus
820 2813 971 2856 coronam
994 2795 1188 2856 monasticae
1209 2790 1281 2855 reli-

157 2877 264 2960 gionis
295 2887 327 2941 et
354 2875 532 2942 habitum³.
576 2875 673 2957 Quod
704 2877 731 2939 si
758 2879 804 2940 ita
831 2884 888 2957 est,
915 2877 1013 2940 immo
1066 2877 1120 2939 uia
1148 2878 1194 2940 ita
1221 2885 1283 2956 cst,

157 2959 287 3024 videtur
315 2961 519 3046 supradictus
548 2983 634 3046 papa
656 2960 845 3044 Gregorius,
874 2960 930 3108 qpi
951 2970 983 3025 et
1004 2897 1200 3040 Hildibrant,
1222 2962 1284 3021 im-

159 3045 274 3108 merito
296 3045 380 3108 hanc
402 3054 511 3108 notam
532 3045 577 3107 im
602 3045 726 3108 osuisse
748 3043 800 3108 vel
821 3043 887 3106 Zac
912 3045 998 3108 ariae
1027 3043 1079 3108 vel
1102 3041 1283 3128 Stephano,

158 3127 318 3213 religiosis
340 3127 547 3213 pontificibus
569 3067 733 3192 liemanae
755 3127 918 3210 ecclesiae,
941 3139 978 3192 ut
998 3129 1062 3213 ipsi
1084 3126 1153 3191 sola
1172 3137 1280 3192 aucto-

157 3213 253 3278 ritate
281 3234 341 3276 sua
369 3211 569 3276 Hildericum
602 3236 623 3277 a
654 3233 754 3294 regno
787 3211 984 3296 deponerent
1015 3221 1047 3276 et
1077 3210 1284 3276 absolverent·

158 3317 270 3361 omncs
286 3297 501 3380 Francigenas
518 3319 538 3360 a
553 3298 732 3360 iuramento
748 3295 920 3378 fidelitatis,
943 3316 1040 3381 quam
1055 3294 1102 3358 illi
1116 3295 1282 3377 fecissent,

159 3402 235 3443 curn
249 3379 385 3444 fortasse
401 3381 440 3460 ei,
463 3381 520 3465 qui
541 3379 723 3444 huiusmodi
745 3389 814 3443 erat
828 3381 919 3442 iuxta
942 3378 1028 3464 quod
1044 3401 1141 3464 supra
1156 3379 1281 3442 dictum

159 3473 217 3544 est,
254 3465 418 3550 principes
455 3466 547 3549 regni
582 3463 715 3548 ahquod
749 3465 963 3528 iuramentum
1001 3462 1077 3526 dare
1109 3462 1281 3608 indigqrum

159 3546 338 3613 duxissent.
383 3547 438 3611 Sic
468 3549 553 3610 euim
581 3550 730 3633 scripsit⁴
759 3549 841 3612 inter
867 3547 930 3610 alia
957 3547 1097 3630 plurima
1123 3546 1164 3610 ad
1221 3548 1284 3610 eri-

65 3687 69 3692 ,
158 3655 312 3696 mannum
324 3632 502 3696 Metensem
517 3633 715 3717 episcopum,
727 3641 763 3695 ut
774 3632 996 3696 corroboraret
1007 3652 1066 3714 per
1076 3629 1137 3693 hoc
1153 3631 1284 3694 animos·

157 3719 299 3801 partium
333 3738 473 3797 suarum,
501 3717 651 3801 quatinus
683 3726 752 3780 tuto
785 3715 1001 3801 relinquerent
1033 3735 1142 3798 regern
1176 3735 1284 3796 suum,

181 3802 251 3864 uasi
278 3802 348 3886 ipse
374 3800 435 3863 hoc
463 3798 610 3884 exemplo
637 3809 829 3884 potestatem
855 3800 987 3864 haberet
1012 3797 1173 3885 deponere
1195 3821 1283 3864 eum.

158 3823 315 3966 Quidam,
341 3885 457 3969 inquit,
486 3885 656 3948 Romanus
681 3884 837 3969 postifera
859 3906 965 3970 repom
986 3883 1191 3948 Francorum
1213 3907 1281 3948 nora

158 3981 227 4034 tarn
246 3992 310 4054 pro
334 3970 403 4033 auis
425 3969 659 4053 iniquitatibus
681 3991 779 4053 quam
797 3991 862 4053 pro
881 3990 926 4049 eo,
950 3967 1038 4052 quod
1059 3977 1171 4032 tantae
1186 3977 1279 4052 pote-

160 4177 188 4244 1)
209 4178 251 4230 cf.
270 4181 338 4231 Ann.
357 4180 439 4230 Einh.
459 4195 484 4230 a.
506 4177 568 4228 750.
635 4178 662 4242 2)
684 4177 724 4228 cf.
744 4178 813 4228 Anu.
834 4177 913 4226 Einh.
933 4194 957 4228 a.
980 4177 1041 4226 749.
1068 4182 1095 4226 et
1113 4177 1180 4226 Anu.
1200 4173 1281 4228 Fuld.

157 4269 184 4302 a.
205 4252 268 4303 751.
295 4259 321 4303 st
341 4253 403 4302 752.
469 4253 497 4317 3)
524 4252 564 4302 uf.
585 4251 652 4302 Anu.
673 4250 752 4302 Fuld.
777 4266 801 4301 a.
824 4251 886 4300 752.
960 4250 989 4314 4)
1017 4249 1083 4300 scil.
1109 4251 1137 4298 in
1156 4247 1204 4298 illa
1223 4249 1282 4314 cpi-

156 4325 237 4384 stula‚
257 4341 336 4390 quam
350 4327 445 4378 Idibus
458 4326 563 4376 Martiis
583 4326 645 4374 anni
661 4323 739 4374 1081.
760 4322 795 4374 ad
811 4324 1004 4374 Herimannum
1024 4323 1096 4374 misit
1115 4321 1282 4388 (Registrum

157 4399 235 4457 VIII,
256 4399 310 4461 21;
329 4398 399 4450 Jaffa
419 4401 458 4462 II,
478 4417 504 4465 p.
524 4397 599 4461 458).

1006 4476 1045 4524 1*
