3116 4822
307 384 358 434 DE
378 384 537 436 UNITATE
558 385 762 438 EOOLESIAE
783 387 1059 442 CONSERVANDA.
1221 391 1254 440 63

135 559 202 610 dum
216 558 360 623 praelatae
379 557 505 625 dipnitati
519 560 611 610 saltem
630 557 739 612 innoxie
758 566 783 612 et
801 560 912 612 latenter·
931 561 1067 629 deropant,
1091 563 1170 630 quari
1187 563 1256 631 repis

135 631 297 698 superpositi
309 637 405 686 rectem
416 632 543 698 foedant,
563 633 609 684 sed
622 638 710 684 tamen
729 634 767 693 ad
778 641 857 686 semet
875 634 948 700 ipsos
966 637 1078 688 redeunt
1089 653 1168 704 seque
1180 637 1255 690 rebe·

135 703 295 756 nantissime
323 705 528 770 reprehendant.
572 705 646 757 Unde
674 712 698 757 et
723 706 786 758 bene
808 705 864 757 illic
889 707 1016 774 scripturn
1040 716 1086 774 est,
1110 711 1175 776 quia
1193 716 1256 778 post

135 778 202 829 leaeo
230 777 324 829 Dauid
343 778 475 844 percurrit
500 796 545 830 cor
567 796 653 843 suum,
680 796 709 831 eo
734 780 806 846 quod
831 780 984 832 abscidisset
1005 799 1079 834 oram
1107 784 1255 851 oblampdr's
1266 793 1417 850 1.Sam.24,6.

138 849 215 902 Saul.
245 851 333 902 Facta
352 851 448 917 quippe
462 851 679 918 praepositorum
693 853 746 904 orie
763 851 853 920 plodio
867 853 997 918 ferienda
1016 873 1070 908 non
1088 865 1158 920 eunt,
1177 857 1256 910 etiam

137 941 197 977 eum
215 933 282 976 recte
300 925 521 990 reprehendenda
539 924 704 978 iudicantur.
737 925 769 977 st
786 929 895 992 quando
914 945 975 979 uero
994 937 1149 982 contraeas
1168 931 1211 982 uel
1228 931 1257 980 in

136 996 252 1049 minimis
271 998 365 1065 linpua
384 997 491 1062 labitur,
510 1015 614 1050 necesse
634 1005 679 1060 ert,
702 1007 732 1049 ut
749 1016 798 1065 per
818 999 987 1066 afflictionem
1008 1003 1188 1069 poenitentiae
1213 1019 1257 1056 cor

132 1077 283 1137 prematur,
303 1071 428 1137 quatinus
446 1073 482 1122 ad
495 1078 574 1124 semet
591 1071 679 1136 ipsum
698 1073 798 1137 redeat,
819 1079 851 1136 et,
871 1090 930 1124 cam
943 1075 1116 1142 praepositae
1130 1075 1258 1142 potestati

138 1142 294 1208 detraxerit,
313 1145 369 1196 eius
382 1153 475 1196 eontra
494 1161 521 1198 se
533 1144 671 1209 indicium,
691 1145 838 1210 aquatili
852 1147 982 1212 praelata
1001 1156 1047 1214 est,
1061 1149 1256 1215 perhorrescat.

139 1225 213 1276 Nam
232 1243 291 1277 cum
308 1227 337 1278 in
353 1229 520 1293 praepositas
532 1227 719 1294 delinquimus,
739 1228 805 1292 eius,
823 1215 935 1299 inquit,
958 1229 1129 1294 ordinatr'oni,
1148 1231 1196 1296 qui
1214 1247 1257 1283 eos

138 1306 215 1360 nolti
231 1307 366 1373 praetulit,
386 1309 530 1362 obviamus.
569 1293 665 1360 Unde
695 1296 790 1360 etiam
821 1319 895 1361 cum
923 1297 1018 1382 longe
1046 1297 1175 1384 lateque
1202 1321 1256 1364 ex-

138 1376 314 1441 crevissent
343 1376 546 1443 Simonianae
575 1388 608 1443 et
629 1377 874 1465 Neophytorum
902 1381 1038 1465 hereses,
1067 1381 1153 1448 idem
1177 1381 1256 1448 Gre-

136 1460 248 1548 gorius
269 1481 366 1545 super
388 1461 448 1526 hac
470 1485 505 1526 re
520 1459 614 1528 valde
636 1462 792 1528 sollicitus
815 1486 880 1530 non
900 1467 1078 1549 minaciter,
1101 1465 1158 1531 sed
1182 1487 1257 1565 sup·

136 1543 264 1631 pliciter
292 1545 367 1610 inde
398 1547 465 1630 egit
491 1545 579 1632 apud
601 1547 801 1612 Francorum
829 1571 931 1636 reges.
975 1563 1101 1629 Paterno,
1120 1550 1225 1636 inqu1t
1235 1562 1257 1631 ¹,

136 1652 183 1686 uos
211 1636 357 1687 salutariter
384 1637 480 1701 affectu
501 1635 625 1702 petimur,
646 1638 894 1702 praecellentissimi
903 1639 967 1706 filii,
992 1645 1021 1690 ut
1039 1639 1191 1690 detestabile
1210 1640 1258 1691 lroc

136 1709 236 1759 malurn
256 1706 425 1760 Simonianae
450 1710 547 1762 beream
572 1728 603 1760 aa
623 1710 822 1777 Neoplrplorum
845 1713 878 1764 de
896 1713 973 1780 rapui
990 1713 1071 1764 uestri
1081 1713 1184 1778 finibus
1203 1719 1257 1764 etu-

137 1781 224 1834 deatis
248 1781 394 1847 prohiberi,
424 1789 447 1834 et
474 1783 552 1834 nulla
581 1785 656 1848 apud
681 1801 727 1834 roe
748 1785 892 1848 cucusatio,
917 1787 995 1836 nulla
1020 1791 1111 1836 contra
1140 1787 1258 1837 animam

136 1861 253 1907 uestram
275 1855 405 1922 suppettio
432 1856 517 1908 locum
541 1856 670 1920 inueniat,
694 1855 759 1923 quia
777 1857 906 1923 facientis
926 1859 1025 1925 procul
1046 1857 1127 1910 dubia
1152 1860 1258 1924 culpam

137 1937 229 2001 babet,
254 1937 301 2003 qui
328 1938 400 2004 quool
421 1945 509 2003 potest
533 1938 663 2005 corripere
689 1937 798 2007 neplipit
819 1939 968 1992 emendare.
1007 1923 1099 1988 Haec
1120 1925 1257 2012 legimus

137 2013 285 2068 sanctum
319 2005 513 2090 Gregorium
546 2006 712 2091 scripsisse
745 2017 778 2071 et
809 2007 968 2090 docuisse,
1001 2017 1041 2090 et,
1075 2019 1110 2074 ut
1139 2007 1257 2073 multos

135 2087 340 2172 lucrificaret,
374 2111 408 2152 se
441 2110 570 2153 servum
603 2090 756 2172 omnium,
792 2091 967 2176 praecipue
1003 2100 1110 2157 autem
1142 2115 1256 2178 regum

136 2181 233 2259 atque
259 2173 488 2259 imperatorum
519 2171 649 2256 fecisse3
677 2173 815 2260 ideoque
837 2175 965 2240 videtur
985 2175 1079 2241 nobis
1101 2175 1162 2242 hoc
1183 2197 1256 2241 con-

137 2279 274 2342 sequens
296 2279 361 2322 non
383 2279 463 2340 esse,
485 2268 522 2322 ut
536 2259 746 2340 constituerit,
768 2280 860 2344 reges
876 2259 1000 2346 aliquas
1016 2259 1056 2324 de
1078 2281 1256 2346 regnasua

138 2341 321 2406 deiciendos
337 2363 417 2423 esse,
430 2341 512 2406 sicut
527 2343 557 2406 ei
571 2341 727 2407 adscribit
740 2344 925 2428 propositae
941 2345 1078 2430 scriptor
1092 2343 1256 2430 epistolae.

138 2423 321 2512 Gregorius
330 2437 353 2507 ²,
384 2425 497 2512 inquit,
532 2427 631 2490 leuius
663 2429 809 2492 nominis
836 2431 988 2512 primus:
1021 2429 1257 2510 ‘Decernimua

136 2531 231 2596 repes
254 2533 275 2572 a
297 2513 368 2575 suis
391 2510 427 2573 di
450 2510 610 2574 nitatibus
632 2511 748 2574 cadere
778 2521 807 2573 et
824 2514 1085 2596 participatione
1108 2517 1258 2599 corporis

138 2603 168 2658 et
201 2597 379 2680 sanpuinis
446 2595 548 2658 omini
584 2615 710 2676 carere,
745 2597 802 2680 qui
830 2599 1004 2661 temerario
1039 2619 1125 2660 ausu
1152 2620 1255 2682 prae·

137 2681 337 2762 sumpserint
355 2687 472 2743 eontra
493 2678 796 2762 sedisapostolicae
817 2681 913 2743 iussa
926 2681 1056 2743 uenire'.
1091 2679 1186 2760 Certe
1202 2681 1258 2778 qui

137 2761 297 2827 eiusmodi
312 2771 369 2844 est,
391 2763 455 2824 iam
470 2761 631 2825 iudicatus
646 2770 703 2844 est,
725 2761 817 2826 iuxta
833 2762 920 2860 quod
942 2771 973 2828 et
989 2760 1068 2827 Saul
1081 2785 1102 2828 a
1116 2763 1257 2828 Dommo

135 2845 327 2932 reprobatus
349 2853 408 2928 est,
430 2855 591 2910 ettamen
637 2855 784 2931 ostquam
807 2845 970 2912 abiecerat
991 2867 1065 2912 eum
1087 2847 1258 2929 Dominus,

136 2953 178 2994 ne
200 2939 349 3016 regnaret
370 2950 468 3015 super
482 2927 591 3013 Israel,
612 2867 731 3014 iegitur
752 2928 869 2994 multos
884 2951 985 2994 annos
1000 2931 1121 2996 vixisse
1136 2931 1258 3017 pariter

137 3023 170 3078 et
198 3036 361 3100 regnasse,
390 3022 426 3078 ut
453 3011 575 3078 scilicet
596 3013 770 3078 electorum
791 3014 855 3079 Dei
877 3016 1032 3101 patientia
1054 3025 1259 3080 exerceretur

136 3106 194 3162 aut
207 3097 398 3184 probaretur
413 3098 473 3162 sub
489 3096 710 3163 crudelissimo
725 3119 811 3182 rege,
831 3120 926 3184 quem
942 3103 1038 3164 etiam
1052 3100 1123 3186 ipse
1138 3099 1258 3180 David,

136 3181 258 3248 electus
279 3204 299 3246 a
320 3182 394 3247 Deo
415 3183 449 3245 in
469 3203 590 3267 regem,
612 3182 845 3266 patientissime
867 3183 940 3248 tulit
962 3193 994 3248 et
1018 3206 1077 3270 pro
1101 3205 1149 3265 ea,
1172 3183 1259 3270 quod

137 3275 224 3332 esset
245 3266 383 3332 christus
404 3266 548 3348 Domini,
571 3267 678 3331 timuit
699 3265 856 3349 occidere,
886 3289 960 3330 cum
982 3279 1092 3353 posset
1114 3289 1187 3332 eum
1210 3277 1258 3332 ut·

105 3411 108 3417 .
136 3361 213 3438 pote
234 3359 474 3436 persecutorem
493 3371 586 3414 suum
602 3350 756 3432 occidere,
779 3351 834 3435 qui
853 3351 886 3414 in
901 3350 962 3414 hoc
979 3353 1075 3416 etiam
1090 3351 1258 3436 poenituit,

136 3435 225 3522 quod
250 3434 303 3500 vel
325 3435 542 3500 summitatem
564 3433 742 3520 chlamydis
772 3435 839 3498 eius
861 3433 1050 3499 abscindere
1071 3455 1257 3520 praesump-

137 3520 224 3584 serit.
268 3519 346 3586 Saul
366 3541 444 3584 vero
471 3517 513 3584 85
539 3518 722 3584 sacerdotes
743 3517 878 3581 Domini
905 3541 970 3582 una
996 3518 1049 3584 die
1072 3517 1198 3600 occidit,
1226 3507 1362 3609 θῐζξῗξ

135 3612 245 3668 tamen
267 3627 351 3684 eum,
374 3603 430 3690 qui
445 3601 603 3668 eiusmodi
618 3613 695 3682 erat,
718 3603 873 3688 patientia
891 3611 1075 3667 sanctorum
1097 3603 1257 3669 sustinuit.
1304 3596 1309 3619 ’

138 3687 205 3753 Sed
226 3687 410 3752 Henriehus
432 3709 500 3770 reX,
527 3685 606 3750 nihil
628 3687 741 3750 horum
762 3685 894 3769 faciens,
917 3686 973 3751 sed
996 3687 1158 3774 episcopis
1180 3685 1258 3754 libe-

136 3793 208 3836 ram
230 3771 504 3858 disponendarum
520 3770 727 3836 eeclesiarum
748 3778 940 3856 potestatem
986 3771 1159 3854 ermittens,
1183 3773 1259 3871 quia
1285 3797 1292 3850 r

137 3854 241 3920 noluit
268 3857 302 3920 in
328 3877 444 3920 manus
473 3853 679 3920 Hildebranti
709 3875 814 3940 papae
842 3875 901 3940 pro
929 3793 1092 3922 voiuntate
1119 3855 1259 3920 hostium
1287 3857 1316 3900 “²
1344 3839 1415 3897 tue,
1438 3851 1514 3918 ere...

138 3961 270 4004 suarum
296 3939 423 4005 tradere
449 3942 571 4023 regiam
599 3948 791 4024 potestatem
819 3949 851 4002 et
877 3939 1030 4004 honorem
1063 3949 1096 4004 et
1123 3961 1258 4024 regnum
1285 3937 1340 4016 stt
1358 3941 1530 4038 [θέρμαιν’.

139 4046 243 4106 suum,
272 4025 345 4089 ideo
374 4023 525 4088 scribitur
546 4023 660 4088 merito
682 4044 740 4108 pro
765 4019 984 4088 inobedientia
1007 4046 1065 4087 sua
1087 4023 1257 4087 damnatus
1299 4055 1425 4141 egyp,
1451 4077 1505 4113 ff,

139 4129 220 4190 esse,
242 4109 333 4194 quasi
355 4130 413 4193 per
433 4108 496 4172 hoc
510 4106 648 4174 voluerit
668 4109 718 4171 ius
740 4105 938 4171 sacerdotale
961 4107 1023 4173 sibi
1046 4106 1257 4172 substernere.
1434 4109 1458 4135 ‘'
1506 4107 1550 4177 ''iT

141 4279 169 4346 1)
189 4281 312 4348 Gregorii
331 4283 421 4349 Opera
439 4282 489 4344 IV,
508 4300 535 4350 p.
549 4281 593 4332 82.
651 4281 679 4346 2)
698 4280 874 4332 Adversarius
894 4281 1007 4333 fortasse
1026 4283 1054 4332 in
1074 4285 1162 4331 mente
1175 4279 1258 4331 habe·

139 4355 188 4406 bat
206 4356 289 4407 rerba
309 4355 432 4421 Gregorii
451 4355 491 4420 II,
510 4374 537 4423 p.
552 4355 632 4406 1223.
