3116 4822
303 393 336 442 16
497 393 546 441 Dn
566 389 724 440 UNITATE
743 387 947 440 ECOLESIAE
969 378 1244 438 CONSERVANDA.

301 561 370 645 ipse
398 580 526 645 quoque
555 567 684 622 sanctus
707 555 898 620 Ambrosius
928 553 1098 619 ecclesiam
1125 574 1190 617 non
1217 551 1334 632 divisit,
1362 551 1419 615 sed

302 667 340 709 ea
367 664 448 729 quae
478 643 616 706 caesaris
646 649 719 705 sunt
748 639 870 704 caesari
901 649 933 704 et
954 661 1036 724 quae
1058 638 1122 702 Dei
1150 637 1222 702 Deo
1251 635 1420 699 reddenda

302 749 372 792 esse
387 726 505 808 docuit,
528 726 584 813 qui
598 723 815 790 Theodosium
832 722 962 809 quidem
977 723 1201 808 imperatorem
1217 718 1418 804 compulsum

301 810 440 875 tumultu
467 809 668 897 quorundam
697 808 753 895 qui
782 807 813 871 ci
840 806 1062 888 cohaerebant,
1094 805 1259 870 vindicare
1285 803 1442 888 Thessa-k

301 894 509 960 lonicensrum
531 893 632 958 scelus
647 892 891 978 gravrssimum,
915 889 1131 956 ecclesiastiea
1159 889 1301 953 coercuit
1329 887 1420 952 disci-

302 978 406 1064 plina3
429 1001 524 1064 quem
545 980 628 1042 inter
651 976 713 1040 alia
735 975 923 1041 eruditionis
946 975 1046 1040 verba
1067 973 1240 1058 alloquitur
1261 973 1314 1056 ita,
1338 973 1421 1035 sicut

302 1065 337 1126 in
365 1061 584 1127 ecclesiastica
615 1061 751 1146 legitura
787 1059 920 1124 historia
953 1080 1035 1145 quae
1065 1058 1181 1122 dicitur
1209 1057 1420 1142 Tripertitalz

304 1153 491 1218 Coaeqaalium
515 1151 649 1203 homiuum
677 1160 701 1202 et
726 1167 909 1202 conservorum
929 1150 1055 1215 princeps
1080 1165 1149 1212 es,o
1174 1147 1326 1214 imperator,
1350 1163 1420 1198 unus

304 1234 391 1276 autem
410 1225 524 1277 omnium
545 1234 581 1277 est
594 1224 735 1286 Dominus,
755 1240 803 1275 reu
823 1224 938 1274 omnium
958 1231 982 1273 et
1000 1230 1111 1284 creator,
1132 1221 1206 1272 cuius
1226 1237 1297 1272 nuuc
1316 1219 1420 1285 suscipe

303 1299 438 1350 uinculum
453 1317 506 1364 pro
526 1299 606 1349 caede
620 1297 719 1362 popuii
736 1313 790 1346 non
804 1296 980 1362 praecedente
999 1294 1097 1346 iudicio
1111 1300 1276 1360 perpetrata,
1296 1293 1420 1360 quoniam

304 1372 436 1424 medicina
461 1372 525 1422 lsaec
544 1380 581 1422 cst
605 1369 729 1421 sanitatis
748 1368 873 1420 maxima.
911 1367 946 1418 At
964 1366 1108 1434 imperator
1126 1368 1227 1432 inquit:
1250 1367 1336 1418 Tuum
1355 1384 1421 1434 opus

305 1454 343 1496 eat
366 1453 389 1496 et
414 1445 506 1494 docere
535 1452 558 1494 et
582 1442 759 1494 medicamina
784 1449 936 1506 temperare,
962 1458 1048 1491 mcum
1073 1457 1134 1492 uero
1162 1441 1252 1492 obtata
1279 1441 1420 1507 succurere.

310 1517 384 1567 Tunc
402 1515 556 1567 Ambrosius
576 1513 720 1578 admonuit,
741 1515 819 1580 lepem
839 1531 896 1565 eam
911 1513 1014 1564 sancire
1033 1514 1217 1579 inposterum,
1236 1522 1266 1564 ut
1278 1513 1421 1567 sententiae

300 1589 457 1656 principum
482 1605 562 1654 super
586 1588 816 1638 animadversione
840 1587 1010 1652 differrentur
1035 1587 1068 1636 ab
1094 1587 1274 1638 amoenioribus
1298 1589 1327 1638 in
1353 1586 1422 1639 diem

306 1663 475 1730 tripcsimum,
495 1679 544 1726 quo
565 1663 636 1712 iocus
655 1659 851 1712 misericordiae
870 1661 919 1722 uei,
940 1660 964 1711 si
981 1677 1023 1711 res
1043 1659 1154 1722 tulisset,
1170 1660 1349 1725 poeniteutiae
1368 1677 1421 1712 uon

305 1736 412 1802 periret.
439 1735 534 1786 Paruit
553 1735 695 1799 imperator
719 1733 880 1784 Theodosias
900 1741 923 1784 ct
942 1732 1077 1784 uinculum
1096 1734 1152 1784 eius
1168 1733 1245 1785 soluit
1257 1735 1420 1786 Ambrosius.

308 1808 362 1870 Qui
374 1808 452 1858 etiam
466 1809 580 1858 locorum
593 1806 768 1872 differentiam
781 1805 810 1856 in
824 1807 932 1857 ecclesia
945 1815 1007 1857 tunc
1020 1807 1117 1870 docuit,
1128 1807 1236 1872 quaudo
1247 1807 1330 1858 eidem
1342 1808 1421 1872 impe·

306 1881 391 1932 ratori
403 1889 466 1944 post
478 1881 594 1931 oblatum
612 1897 709 1930 ntunus
730 1880 766 1929 ad
785 1880 878 1941 altare,
897 1880 974 1930 iuuta
992 1881 1064 1945 quod
1082 1879 1111 1930 iu
1131 1880 1422 1946 Constantinopolitana

308 1955 416 2006 ecclesia
441 1954 533 2004 solitus
565 1959 621 2004 erat
651 1969 736 2018 apere,
770 1951 916 2012 sustinenti,
948 1953 1020 2002 intra
1050 1954 1177 2007 cancellos
1203 1971 1340 2006 sacrorum
1359 1971 1421 2020 per·

308 2027 450 2093 ceptionem
474 2026 658 2092 mysteriorum
683 2025 850 2076 remandavit
873 2042 926 2090 per
952 2026 1178 2078 archidiaconum.
1221 2027 1242 2077 0
1269 2029 1422 2093 imperator,

307 2101 436 2152 interiora
455 2101 513 2150 loca
532 2108 635 2150 tantam
653 2097 832 2150 sacerdotibus
851 2106 912 2148 sunt
931 2099 1036 2162 collata,
1056 2116 1125 2164 qaae
1147 2099 1224 2151 ceteri
1248 2118 1295 2151 nec
1318 2099 1424 2168 inpredi

308 2191 355 2226 nec
383 2173 530 2239 coutinpere
553 2170 758 2236 permittuntur,·
779 2187 904 2236 purpura
931 2189 1045 2237 namque
1073 2171 1243 2237 imperatores
1259 2176 1340 2239 facit,
1369 2191 1423 2225 noa

308 2246 465 2297 sacerdotes.
502 2245 539 2294 Ia
563 2245 590 2295 iu
616 2245 663 2294 icoc
679 2260 780 2309 quaque
798 2260 858 2294 mom
877 2260 996 2311 cyr-assus
1014 2243 1157 2310 imperator
1171 2247 1267 2310 paruit
1286 2247 1424 2313 ipsamque

310 2334 468 2370 communem
488 2335 545 2368 cum
559 2318 650 2368 ceteris
663 2317 880 2383 caspectationem
899 2317 1021 2382 deinceps
1040 2320 1155 2369 emarcuit
1173 2321 1316 2371 admodum
1329 2321 1422 2382 laetus,

309 2400 398 2456 utpote
417 2391 546 2443 enutritus
565 2389 664 2442 diuinis
683 2389 891 2450 eruditionibus,·
916 2391 987 2456 qtcod
1010 2391 1055 2440 viu
1080 2393 1193 2456 taudem,
1214 2394 1356 2458 sicutipse
1378 2393 1423 2454 ait,

310 2465 409 2516 discere
438 2465 462 2515 ei
487 2461 630 2531 eontiperit,
659 2480 727 2529 quae
755 2460 905 2529 differentia
930 2463 963 2513 eit
986 2463 1154 2529 imperatoris
1179 2475 1203 2517 et
1221 2465 1373 2529 sacerdotis,
1401 2474 1424 2517 ct

309 2547 380 2613 quod
400 2545 445 2598 aia
463 2547 518 2596 iam
535 2547 665 2598 inuenerit
684 2545 837 2613 magristrum
859 2544 987 2596 veritatis.
1025 2531 1112 2595 Ecce
1130 2531 1186 2596 illa
1207 2534 1425 2598 excommuni-

310 2615 402 2696 catio,
426 2635 522 2699 quam
544 2611 629 2677 utilis
646 2623 715 2678 erat
730 2612 1018 2759 eeclesiaepariter
1038 2624 1133 2714 atque
1155 2619 1219 2702 ipsi
1240 2617 1425 2703 imperatori

309 2697 501 2779 Theodosio,
530 2719 612 2783 quae
641 2719 726 2760 nunc
751 2699 784 2760 in
812 2719 859 2777 ea,
912 2717 1017 2782 equa
1037 2709 1152 2784 agutur,
1175 2703 1333 2788 scriptura
1353 2723 1424 2786 pro-

309 2782 406 2846 dendi
433 2782 590 2846 scismatis
619 2783 747 2867 ponitur
774 2777 933 2864 exemplo,
961 2803 1024 2866 quo
1045 2781 1235 2869 separentur
1262 2787 1424 2871 principes

309 2865 361 2930 vel
387 2866 503 2930 milites
529 2864 746 2950 reipublicae
772 2862 812 2928 ab
840 2865 1040 2947 imperatoris
1069 2869 1117 2931 sui
1145 2873 1303 2934 consortio
1332 2868 1426 2934 simul

310 2960 342 3014 et
364 2949 529 3036 obsequio.
559 2947 670 3032 Neque
686 2949 770 3032 enim
791 2945 854 3011 tale
876 2947 998 3034 aliquid
1016 2960 1229 3036 temptaverat
1249 2953 1301 3018 ille
1316 2975 1426 3017 murus

310 3043 342 3097 et
363 3034 458 3096 turris
480 3031 678 3096 validissima
694 3029 857 3112 ecclesiae,
878 3032 1079 3118 Ambrosius,
1103 3037 1230 3122 quando
1247 3039 1341 3102 ctiam
1358 3037 1427 3122 pul-

311 3119 440 3181 sabatur
466 3138 524 3214 pro
553 3115 657 3179 studio
687 3115 897 3180 hereticorum
923 3115 1138 3184 Valentiniani
1164 3123 1365 3206 imperatoris
1395 3131 1427 3186 ct

310 3201 420 3264 matris
448 3222 515 3264 erus
537 3199 678 3263 Iustinae
700 3199 794 3263 minis
816 3209 913 3286 atque
935 3201 1130 3274 verberibus,
1175 3205 1269 3270 Unde
1292 3217 1323 3270 et
1343 3207 1426 3269 inter

310 3283 373 3348 alia
394 3285 550 3348 virtutum
573 3303 700 3346 suarum
724 3283 862 3368 insignia
883 3283 1025 3370 loquitur
1053 3287 1093 3352 de
1121 3311 1158 3353 eo
1189 3288 1285 3374 digna
1308 3309 1426 3352 memo-

310 3370 377 3433 riae
394 3370 585 3454 scripturam
608 3382 788 3446 Venerandus,
804 3369 962 3453 inquiens,
977 3383 1130 3438 Ambrosius
1142 3406 1195 3453 pro
1209 3386 1352 3439 catholicae
1364 3387 1427 3449 Jidei

311 3459 420 3522 unitate,
446 3475 500 3508 non
528 3475 587 3508 cum
609 3456 707 3518 ceteris,
734 3457 780 3506 sed
799 3475 853 3522 pro
881 3458 970 3510 ceteris
990 3459 1058 3510 niori
1080 3461 1173 3527 clepit5
1197 3479 1251 3512 nou
1277 3459 1344 3513 euim
1368 3479 1426 3512 cum

307 3532 481 3598 pereuntibus
496 3531 587 3596 perire
600 3529 689 3592 ualuit,
709 3529 756 3580 sed
768 3538 797 3580 ut
810 3533 978 3583 salvarentur
998 3531 1053 3596 atii,
1073 3533 1129 3599 ipse
1148 3552 1175 3586 sc
1186 3536 1307 3602 periculo
1327 3535 1426 3600 saepis·

311 3606 375 3658 sime
404 3605 485 3656 dedit.
523 3604 559 3654 Et
584 3619 643 3654 cum
670 3601 845 3656 mandaretur
873 3605 898 3656 ei
926 3605 958 3655 ab
986 3606 1144 3671 imperatore
1176 3609 1250 3660 tradi
1281 3607 1426 3672 basilicam,

311 3678 462 3742 respoudit:
482 3677 547 3728 ‘Nec
559 3673 639 3738 midi,
659 3674 809 3740 inquiunt,
830 3679 882 3744 ‘fas
897 3686 935 3730 est
948 3680 1063 3744 tradere,
1082 3697 1129 3732 nec
1146 3681 1193 3731 tibi
1207 3681 1333 3748 accipere,
1346 3681 1427 3748 impe·

311 3759 394 3814 rator,
421 3748 535 3816 expedit,
559 3749 641 3816 ipitur
665 3749 719 3798 noli
741 3750 860 3816 precari,
887 3760 917 3801 ut
943 3761 1022 3818 putes
1047 3761 1071 3804 te
1095 3754 1124 3804 in
1152 3749 1214 3817 aab,
1240 3773 1308 3822 quae
1333 3755 1428 3806 diuina

313 3831 374 3884 sunt
392 3823 529 3888 imperiale
549 3820 656 3888 aliquod
675 3821 717 3872 ius
737 3823 841 3885 habere,
867 3825 922 3875 noli
946 3834 969 3876 te
988 3827 1118 3889 extoliere,
1144 3829 1200 3890 sed,
1224 3831 1248 3880 si
1266 3829 1307 3883 ais
1327 3829 1428 3880 diutius

312 3898 451 3963 imperare,
471 3902 523 3947 esto
537 3896 657 3948 subditus
671 3895 736 3959 Deo,
757 3897 881 3962 quoniam
895 3897 1083 3964 scriptumest:
1105 3900 1180 3962 Quae
1193 3902 1259 3967 Deo,
1276 3903 1342 3966 Deo,
1362 3919 1430 3969 quae

313 3971 424 4034 caesari,
444 3970 554 4022 caesari.
592 3967 637 4020 Ad
654 3969 843 4035 imperatorem,
862 3971 956 4037 inquit,
977 3975 1087 4038 palatia
1109 3975 1253 4040 pertinent,
1284 3976 1320 4027 ad
1344 3992 1430 4028 sucer-

313 4100 335 4154 a)
353 4102 457 4151 loquitur
473 4102 492 4142 1.
551 4096 575 4150 b)
592 4102 614 4138 te
630 4109 682 4138 mee
699 4101 719 4140 1.

315 4215 343 4282 1)
363 4217 482 4268 Historia
501 4215 635 4281 tripertita
653 4214 702 4276 IX,
716 4214 760 4276 ³0,
781 4213 935 4267 Cassiodori
955 4218 1053 4283 Opera,
1072 4219 1260 4284 Venet1729,
1281 4221 1303 4282 Ι,
1323 4233 1349 4283 p.
1367 4217 1429 4267 319.

314 4291 376 4353 320,
397 4291 471 4341 cuius
491 4288 668 4339 narrationem
688 4288 837 4338 breviorem
862 4289 988 4342 reddidit.
1064 4289 1092 4356 ἓ)
1118 4295 1194 4356 Quas
1220 4295 1255 4345 sit
1279 4293 1429 4352 nescimus;

313 4363 524 4487 {egIhsncfssepn
545 4363 603 4427 ipse
616 4361 771 4413 Ambrosius
792 4361 892 4413 eisdem
912 4362 968 4414 fere
988 4365 1076 4417 verbis
1096 4373 1196 4428 narrat,
1217 4384 1259 4435 ep.
1273 4366 1318 4430 20,
1337 4366 1431 4431 Migne

382 4473 387 4498 2
409 4454 434 4503 p·
511 4473 517 4488 ·
