3116 4822
278 423 312 472 62
461 423 510 473 DE
530 420 689 472 UNITATE
709 419 915 472 accessise:
935 417 1210 471 CONSERVANDA.

196 591 443 657 ‹nvmauancc
465 587 592 674 ploriae
604 588 746 672 faciunt
767 588 825 651 boc
846 587 980 651 intuitu.
1018 585 1109 651 Sicut
1123 585 1234 650 scribit
1249 581 1401 670 (talasius¹

277 685 394 758 papa¹,
416 687 470 737 duo
484 693 553 750 sunt,
573 686 669 750 quibus
678 685 866 752 principaliter
878 686 994 737 mundus
1007 686 1049 737 bic
1062 686 1170 753 repitur,
1191 684 1335 736 auctoritas
1355 700 1398 732 sa-

278 772 355 813 mata
359 760 514 828 pontificum
525 763 549 810 el
558 759 656 825 repelle
661 766 789 825 potestas.
804 758 935 810 Olus-istus²
946 758 1024 823 enim,
1034 757 1296 826 memorfrapils‘tatis
1305 757 1398 808 buma-

276 853 338 900 nae,
354 835 425 900 quod
436 849 546 883 suorum
558 832 640 883 saluti
652 841 808 900 conprueret
819 831 1014 898 dispensatione
1026 832 1166 899 mapnifica
1179 829 1342 897 temperarit,
1362 827 1400 879 sie

279 907 426 960 actionibus
446 903 567 971 propriis
593 904 817 972 dipnitatibusque
842 905 974 960 distinctis
999 907 1089 973 officia
1101 905 1242 971 potestatis
1260 903 1399 968 utriusque

278 982 411 1045 discrevit,
431 995 492 1032 suos
510 979 601 1030 colem
620 977 773 1031 medicinali
785 979 933 1031 bumilitate
945 978 1058 1040 calcari,
1077 995 1131 1030 non
1143 979 1262 1030 bumana
1274 975 1401 1042 superbia

278 1053 410 1120 intercipi,
424 1061 453 1102 ut
466 1060 489 1103 et
503 1050 642 1104 christiani
651 1051 823 1118 imperatores
828 1070 882 1118 pro
894 1059 1003 1104 aeterna
1012 1051 1243 1120 citopontificibus
1252 1051 1402 1116 indiperent

279 1137 303 1180 et
323 1127 460 1195 pontifices
483 1142 533 1190 pro
557 1123 740 1190 temporalium
768 1142 849 1177 cursu
870 1143 960 1177 rerum
984 1125 1166 1192 imperialibus
1185 1121 1401 1190 dispositionibus

279 1207 424 1263 uterentur,
437 1197 563 1266 quatinus
574 1199 705 1264 spiritalis
715 1198 783 1250 actio
794 1217 812 1248 a
821 1198 1008 1265 temporalibus
1019 1199 1130 1250 distaret
1139 1198 1298 1260 incursibus,
1309 1205 1333 1248 et
1342 1195 1401 1246 Deo

279 1273 395 1326 militans
414 1270 520 1323 minime
539 1288 566 1322 se
584 1271 696 1339 negotiis
715 1272 898 1323 saecularibus
915 1273 1070 1338 implicaret,
1098 1279 1122 1323 et
1140 1270 1255 1323 uicissim
1279 1287 1338 1321 non·
1356 1268 1402 1319 illc

279 1348 358 1400 rebus
377 1345 476 1398 dirutis
491 1343 648 1410 praesidere
667 1344 810 1408 videretur,
835 1345 883 1410 qui
903 1352 968 1397 esset
984 1343 1095 1412 nepotiis
1113 1345 1295 1396 soecularibus
1313 1340 1401 1407 impli-

280 1427 364 1483 catus,
384 1427 413 1469 ut
432 1425 456 1470 et
474 1418 603 1468 modestia
622 1418 761 1483 utriusque
780 1417 883 1470 ordinis
899 1427 1048 1482 auraretur,
1067 1435 1100 1470 ne
1113 1418 1279 1470 extolleretur
1291 1423 1403 1480 utroque

280 1494 413 1560 suffultus,
443 1499 467 1540 et
486 1498 631 1556 competens
649 1489 823 1556 qualitatibus
842 1491 977 1543 actionum
995 1492 1144 1558 specialiter
1165 1489 1311 1557 professio.
1324 1496 1400 1554 apta-

279 1584 362 1628 retur.
398 1558 492 1622 Hanc
507 1557 571 1622 Dei
593 1558 865 1643 dispensationem
888 1561 1034 1645 quisquis
1055 1559 1226 1643 diligenter
1247 1555 1401 1641 consyde-

279 1651 330 1707 rat
357 1642 450 1706 iuxta
479 1641 621 1705 divinam
654 1643 820 1728 utriusque
850 1643 1018 1728 potestatis
1051 1642 1295 1724 ordinationem,
1330 1660 1401 1726 per-

280 1727 395 1812 spiciet
416 1745 503 1806 sane,
531 1725 565 1788 in
587 1725 648 1790 hcc
671 1748 799 1812 quoque
821 1748 880 1812 per
901 1725 1151 1793 Hildebrantum
1173 1737 1204 1792 et
1231 1727 1404 1811 episcopos

281 1813 349 1874 eius
371 1831 521 1894 magnam
544 1818 709 1897 operatam
725 1833 795 1876 esse
810 1811 1024 1897 iniquitatem,
1046 1814 1112 1898 qui,
1135 1831 1283 1896 cumpro
1299 1808 1404 1894 ponti-

280 1893 366 1958 ficali
388 1894 545 1978 dignitate
571 1915 637 1958 non
659 1893 814 1961 deberent
839 1894 892 1960 vel
913 1896 1056 1981 negociis
1083 1893 1302 1960 saecularibus
1331 1895 1403 1957 sese

280 1975 458 2064 implicare,
488 1989 724 2064 usurpaverunt
750 1979 813 2044 sibi
839 1978 1073 2044 ordinationem
1102 1981 1210 2065 regiae
1237 1977 1403 2064 dignitatis

281 2073 393 2127 contra
414 2061 478 2127 Dei
501 2061 735 2129 ordinationem
763 2072 796 2128 11
817 2073 928 2128 contra
952 2086 1047 2128 usum
1074 2073 1171 2149 atque
1199 2061 1402 2148 disciplinam

282 2145 451 2224 ecclesiae3
475 2155 507 2210 et
528 2147 605 2231 quia
626 2147 690 2232 ipsi
712 2147 884 2211 noluerunt
904 2147 1104 2213 Henrichum
1126 2169 1236 2234 regem
1258 2166 1404 2231 regnare,

280 2231 400 2295 iccirco
421 2228 524 2294 noluit
545 2231 641 2296 etiam
663 2232 802 2316 scriptor
815 2233 1001 2330 propositae
1022 2230 1177 2317 epistolae
1197 2251 1306 2314 regem
1329 2251 1402 2294 eum
1458 2233 1460 2238 '

282 2312 456 2399 appellare,
478 2313 535 2377 sed
557 2315 637 2378 miro
660 2315 757 2380 modo
780 2337 854 2381 eum
875 2315 1089 2398 inhonoravit,
1112 2337 1209 2402 quem
1230 2315 1322 2378 Deus
1345 2335 1406 2399 per

121 2425 141 2465 1.
150 2425 272 2477 111111.
282 2397 462 2482 apostolum
484 2419 578 2461 suum
600 2398 731 2463 Petrum
753 2399 965 2464 honorificare
994 2401 1162 2486 praecipit,
1193 2399 1343 2485 quoniam
1372 2407 1406 2461 et

282 2481 385 2546 honor
406 2503 441 2546 re
467 2482 492 2544 's
514 2481 671 2546 iudicium
693 2483 806 2570 diligit.
849 2483 893 2548 Et
936 2485 991 2548 uia
1011 2505 1070 2548 nos
1092 2483 1230 2549 instituti
1258 2482 1405 2546 doctrina

192 2595 272 2638 11111.
283 2563 422 2651 apostoli
460 2565 543 2630 udae
564 2587 629 2630 non
651 2567 887 2652 praesumimus
909 2506 1161 2634 dominationem
1183 2589 1334 2652 spernere
1352 2565 1405 2630 vel

283 2650 482 2716 maiestatem
512 2649 744 2750 blasphemare,
773 2651 955 2717 iudicamur
982 2654 1128 2718 extranei
1150 2673 1220 2716 esse
1241 2650 1283 2715 ab
1306 2647 1405 2736 eccle·

128 2754 264 2809 securas
283 2735 410 2798 siastica
432 2755 668 2818 communione,
691 2758 775 2818 cum,
797 2759 833 2800 as
858 2737 990 2802 icientes
1013 2738 1047 2800 in
1076 2745 1240 2800 auctorem
1269 2734 1346 2799 fidei
1373 2743 1406 2798 et

283 2827 575 2883 consummatorem
604 2819 731 2903 Iesum,
767 2757 941 2885 reddamus
972 2821 1123 2906 potestati
1158 2841 1178 2882 a
1204 2818 1277 2884 Deo
1311 2818 1406 2884 nobis

129 2939 270 2984 H,b,‚1„,‚
282 2901 445 2988 praelatae
467 2901 568 2968 debiti
590 2904 720 2968 honoris
748 2903 946 2989 suffragium,
976 2912 1136 2990 ‘magnam
1165 2902 1320 2968 habentes
1347 2901 1405 2964 im-

305 2987 421 3050 ositam
452 2986 573 3051 nubem
602 2988 749 3070 testium,
782 3010 841 3072 per
871 3008 1007 3072 quorum
1032 2988 1221 3086 patientiam
1250 2985 1347 3050 simul
1373 2994 1405 3050 et

281 3009 462 3134 doctrinam
478 3091 644 3134 sumamus
656 3069 697 3134 ad
709 3071 866 3157 propositi
878 3072 1064 3137 certaminis
1078 3069 1244 3141 bravium,
1269 3072 1406 3136 Sanetus

281 3153 367 3217 enim
390 3151 568 3236 Gregorius
600 3155 634 3218 in
661 3153 745 3220 libro
773 3155 813 3220 de
842 3153 996 3242 pastorali
1028 3177 1106 3220 cura
1131 3157 1284 3241 proponit
1312 3152 1407 3218 nobis

281 3234 465 3322 exemplum
489 3237 595 3303 Saulis
619 3248 716 3325 atque
738 3239 857 3322 David,
886 3239 1048 3325 quomodo
1077 3239 1155 3306 boni
1183 3240 1279 3303 etiam
1307 3248 1340 3303 at
1364 3259 1405 3302 ue

282 3319 458 3386 eminentes
485 3321 519 3384 in
540 3320 678 3388 ecclesia
698 3323 760 3388 viri
787 3323 926 3389 debeant
948 3322 1040 3388 malis
1071 3345 1199 3422 quoque
1226 3260 1406 3388 rectoribus

282 3403 403 3469 subditi
424 3426 505 3489 esse,
532 3406 626 3471 iuxta
648 3407 735 3494 quod
756 3407 864 3473 David
886 3405 1016 3472 Saulem
1038 3406 1178 3492 pertulit,
1201 3429 1295 3493 quem
1317 3405 1406 3472 vide-

281 3487 357 3553 licet
377 3489 619 3555 infestissimum
640 3501 877 3576 persecutorem
900 3513 995 3556 suum
1017 3511 1090 3556 cum
1112 3501 1222 3577 posset
1248 3489 1406 3574 occidere,

282 3571 385 3638 noluit
406 3572 581 3658 occidere³3
608 3576 682 3640 insu
707 3597 742 3640 er
769 3585 800 3641 11
822 3578 908 3640 viros
931 3597 1019 3656 suos,
1046 3599 1086 3641 ne
1113 3583 1343 3660 consurgerent
1371 3576 1405 3638 in

283 3677 367 3734 eum,
389 3656 591 3724 sermonibus
614 3597 722 3724 conde
747 3661 781 3742 it,
803 3669 836 3724 et
855 3659 942 3745 quod
956 3658 1008 3724 vel
1023 3681 1112 3724 oram
1128 3657 1307 3745 chlamydis
1327 3678 1405 3723 suae

283 3738 483 3822 abscidisset,
512 3743 680 3827 poenituit.
723 3681 756 3826 ὃ

757 3743 822 3808 uod
849 3765 925 3808 vero
947 3742 1000 3808 hic
1027 3766 1171 3808 summus
1197 3743 1344 3831 pontifex
1373 3751 1406 3806 et

282 3823 436 3887 virtutum
476 3825 593 3890 artifex
628 3826 746 3912 legitur
780 3829 988 3926 proposuisse
1024 3839 1057 3896 ct
1091 3827 1255 3910 docuisse,
1291 3824 1405 3892 credas

284 3928 395 4006 pmnes
418 3916 545 3972 sanctos
577 3919 685 3996 patres
718 3922 838 3997 pariter
866 3920 898 3976 et
925 3911 1039 3978 fecisse
1073 3921 1105 3977 et
1130 3912 1271 3977 docuise.
1324 3924 1404 3990 Boni,

283 3999 420 4077 lnqull⁴,
442 4007 550 4073 subditi,
568 4010 593 4062 si
611 4011 718 4076 quamdo
736 4028 786 4076 pro
805 4011 956 4078 infirmitate
975 4028 1003 4063 se
1022 4012 1152 4063 abstinere
1168 4011 1214 4063 via
1229 4018 1352 4077 possunt,
1376 4018 1406 4060 ut

284 4091 402 4134 entrema
420 4083 554 4148 quaedam
573 4091 650 4150 capue
669 4082 801 4136 exteriora
814 4084 1030 4151 praepositorum
1047 4086 1129 4147 mala,
1148 4085 1194 4136 sed
1213 4093 1301 4136 tuanen
1319 4083 1405 4134 humi·

284 4153 343 4206 liter
362 4155 513 4221 loquantur,
538 4158 617 4223 quasi
642 4174 717 4208 oram
735 4157 883 4225 chlamydis
907 4158 1013 4210 silenter
1037 4158 1167 4222 incidunt,
1185 4159 1252 4236 'quia
1277 4156 1405 4218 uidelicet,

286 4303 313 4366 1)
332 4303 450 4353 Tractat.
469 4304 518 4354 IV.
543 4303 621 4354 Thiel
639 4305 664 4368 I,
689 4323 715 4372 p.
736 4306 798 4358 350,
818 4305 882 4358 acl.
1117 4305 1145 4370 2)
1165 4303 1271 4355 Ibidem
1293 4322 1320 4372 p.
1341 4302 1405 4355 b68.

285 4375 315 4441 3)
336 4375 378 4439 Cf,
397 4376 434 4436 Π,
456 4378 479 4430 1.
555 4381 584 4445 4)
603 4379 727 4446 Gregorii
746 4381 837 4445 Opera
855 4380 893 4444 11,
912 4397 939 4446 p.
956 4379 1000 4428 ³9.
