3114 4814
430 378 550 430 BRUNO
569 379 618 428 DE
638 379 757 430 BELLO
777 379 964 431 SAXONICO.
1243 382 1259 432 3

141 545 417 631 concupiscentias
445 567 520 609 suas
548 545 595 610 ire
617 545 666 610 dis
691 546 784 609 osuit.
828 545 924 626 Quod
944 557 981 610 ut
999 545 1131 612 liberius
1153 547 1259 614 facere

165 632 299 695 otuisset
315 668 351 677 -
368 650 434 693 non
455 630 540 692 enim
563 629 622 693 sub
644 630 656 691 i
680 650 698 693 o
713 629 865 714 magistro
881 629 942 694 sibi
956 629 1082 713 licebat,
1105 632 1259 730 quicquid

138 653 233 778 libuit
254 753 304 796 -,
333 713 424 797 prius
452 713 628 797 magisterii
653 711 736 776 illins
768 715 990 778 auctoritatem
1020 735 1040 777 a
1067 737 1101 778 se
1130 723 1259 800 penitus

139 797 290 873 excussit,
313 807 345 860 et
366 797 422 882 qui
443 797 484 859 ad
505 818 640 881 regnum
655 796 901 881 gubernandum
916 798 1029 863 fuisset
1043 798 1173 879 electus,
1194 801 1259 862 iam

139 905 173 946 se
195 881 237 946 ab
259 879 365 965 aliquo
394 879 568 964 gubernari
595 890 643 944 est
670 880 870 964 dedignatus
913 881 1017 965 Igitur
1042 904 1102 947 rex
1129 881 1171 946 ab
1193 885 1336 968 epi-1065.

139 986 237 1063 scopo
260 965 486 1046 manumissus,
516 985 590 1028 cum
612 965 663 1027 sui
683 965 761 1028 iuris
783 987 852 1029 esse
875 967 1042 1050 coepisset,
1068 977 1144 1030 tunc
1171 961 1382 1064 pate-mrim·

138 1050 214 1112 fec1t
247 1049 343 1133 quina
375 1048 462 1111 viam
496 1048 582 1111 vitae
614 1049 730 1112 sectari
762 1048 965 1114 decrevisset.
1015 1049 1141 1135 chres
1173 1073 1259 1114 ennn

135 1132 338 1212 libidinumb,
361 1152 443 1217 quae
465 1130 569 1196 inhac
591 1140 694 1195 aetate
716 1131 812 1196 etiam
834 1153 889 1196 eos
910 1131 1057 1217 fatigant,
1080 1135 1135 1219 qui
1157 1136 1260 1198 casin

140 1239 173 1280 se
194 1214 416 1301 frequentibus
437 1215 563 1279 ieiuniis
585 1215 761 1280 arefaciunt
782 1224 814 1279 et
827 1215 964 1280 assiduis
980 1217 1177 1281 orationibus
1192 1239 1259 1282 era·

139 1300 258 1380 dicant,
282 1321 319 1363 eo
341 1297 537 1362 fructuosius
558 1300 593 1362 in
614 1321 652 1364 eo
673 1300 906 1383 germinabant,
933 1321 997 1385 quo
1020 1322 1075 1364 eas
1095 1323 1156 1365 nec
1177 1302 1189 1364 i
1214 1324 1258 1384 se,

138 1391 251 1468 utpote
271 1383 346 1467 igne
367 1384 490 1468 primae
512 1383 685 1447 iuventutis
707 1383 878 1448 ardescens
899 1393 931 1448 et
951 1387 1043 1470 regni
1063 1383 1160 1448 luxus
1183 1323 1259 1450 deli-

138 1468 197 1530 ciis
219 1466 364 1547 affluens,
386 1466 426 1530 ab
449 1487 528 1551 agro
551 1467 602 1530 sui
624 1466 730 1531 cordis
753 1465 918 1550 evellebat,
940 1489 1000 1531 nec
1016 1489 1070 1534 eas
1084 1467 1201 1554 aliquis
1216 1469 1258 1534 ab

138 1573 186 1632 eo,
207 1573 283 1635 rege
304 1549 454 1615 videlicet
474 1551 648 1614 monitores
669 1560 869 1635 aspernante,
892 1553 1070 1638 exstirpare
1091 1551 1175 1617 ferro
1191 1575 1258 1616 cor-

88 1650 92 1659 ·
137 1634 291 1720 reptionis
313 1633 461 1697 audebat.
1227 1679 1239 1698 s

222 1720 252 1782 2.
288 1717 368 1784 Erat
389 1716 501 1781 eodem
524 1728 668 1803 tempore
689 1718 871 1782 Bremensis
893 1719 1019 1803 praesul
1034 1719 1257 1802 Adalbertus⁰,

137 1801 185 1864 sic
206 1801 328 1898 typhod
351 1801 519 1887 superbiae
540 1800 699 1885 turgidus,
723 1811 760 1865 ut
780 1823 839 1864 nec
860 1803 894 1864 in
915 1803 1070 1867 saeculari
1091 1803 1258 1868 nobilitate

138 1906 199 1948 nec
220 1907 254 1947 1n
269 1895 380 1948 sancta
395 1885 635 1948 conversatione
673 1907 846 1983 uemquam
860 1895 988 1970 putaret
1003 1885 1065 1950 sibi
1079 1886 1257 1971 aequalem.

136 1969 212 2054 Ipse
234 1989 308 2032 cum
330 1970 364 2031 in
384 1967 492 2054 aliqua
513 1989 638 2032 summa
651 1907 830 2032 lestiv1tate
852 1967 1016 2053 publicam
1034 1969 1165 2032 missam
1181 1991 1257 2054 rege

136 2063 305 2200 praesente
328 2051 512 2134 celebraret,
535 2062 567 2116 et
587 2051 708 2137 populo
724 2053 859 2117 verbum
873 2052 937 2116 Dei
952 2051 1095 2116 dicturus
1112 2075 1154 2116 ex
1168 2073 1257 2118 more

149 2158 243 2201 ocum
265 2134 411 2201 altiorem
432 2136 628 2218 ascenderet,
650 2138 733 2201 inter
754 2147 859 2201 cetera
880 2137 972 2222 quasi
993 2136 1095 2200 bonos
1117 2146 1149 2201 et
1167 2137 1256 2201 nobi-

137 2218 182 2285 les
204 2221 238 2283 in
259 2220 320 2284 hac
340 2229 425 2284 terra
447 2242 644 2306 conquerens
667 2220 830 2301 defecisse,
853 2243 887 2286 se
910 2218 1012 2285 solmn
1034 2229 1065 2284 et
1079 2242 1199 2304 regem,
1222 2242 1257 2286 se

138 2303 260 2368 scilicet
287 2312 484 2389 anteponens
512 2307 590 2387 regi,
621 2303 704 2369 dixit
733 2304 773 2368 de
802 2303 966 2370 nobilitate
992 2307 1193 2386 remansisse,
1214 2343 1257 2354 -

138 2410 211 2452 cum
233 2388 297 2454 duo
318 2387 432 2451 fratres
453 2389 555 2473 ipsius
577 2387 691 2451 iisdem
713 2389 900 2474 parentibus
922 2389 1011 2452 natie
1033 2397 1153 2452 starent
1189 2411 1257 2453 rae-

138 2481 243 2536 sentes
263 2481 352 2534 —et
373 2471 519 2556 quamvis
541 2471 758 2556 apostolorum
779 2473 945 2556 principis,
974 2471 1080 2537 fratris
1099 2411 1257 2537 suil³et1i

136 2576 255 2619 nomen
284 2574 349 2617 non
369 2554 511 2635 haberet,
541 2577 575 2618 se
596 2564 704 2620 tamen
726 2555 861 2620 eandem
883 2577 980 2642 quam
1001 2557 1114 2620 Petrus
1136 2556 1257 2621 habere

135 2647 338 2786 potestatem,
359 2639 410 2701 vel
432 2639 529 2702 etiam
550 2639 713 2722 maiorem,
735 2641 811 2725 quia
832 2640 998 2705 dominum
1020 2662 1113 2703 suum
1135 2661 1200 2703 non
1222 2648 1258 2702 ut

164 2733 249 2788 etrus
271 2742 414 2807 unquam
435 2731 591 2806 negasset.

220 2807 249 2870 3.
293 2805 369 2890 lpse
401 2805 530 2869 cuidam
562 2806 596 2868 in
627 2826 684 2870 suo
718 2808 907 2892 episcopatu
938 2805 1136 2888 abbatissae,
1171 2827 1254 2902 qnae

135 2891 243 2956 nescio
267 2890 364 2975 quidf
385 2891 419 2954 in
442 2911 514 2953 eum
535 2899 735 2975 peceaverat,
763 2891 929 2976 praecepit
949 2913 1007 2974 per
1028 2889 1253 2971 obedientlam,

136 2983 172 3037 ut
192 2974 276 3038 intra
302 2975 370 3042 dies
399 2973 581 3059 quindecim
603 2972 685 3038 hanc
706 2983 908 3059 praesentem
929 2973 1122 3060 relinqueret
1142 2974 1253 3037 vitam.

135 3056 179 3121 Et
201 3058 276 3142 quia
302 3060 375 3144 ipsa
402 3069 479 3122 tunc
507 3059 702 3142 aegrotabat,
732 3057 784 3124 ille
811 3081 913 3124 vanus
935 3059 1084 3122 suumin
1105 3079 1254 3142 caprae-

136 3151 267 3225 ceptum
294 3138 419 3226 impleri
445 3163 540 3227 posse
570 3142 728 3226 sperabat,
759 3144 839 3206 etsi
862 3163 940 3205 casu
959 3151 1145 3221 moreretur,
1171 3163 1254 3205 mor-

135 3233 224 3287 tuam
247 3246 304 3287 suo
325 3225 416 3287 iussu
437 3222 567 3288 volebat
589 3235 623 3288 ut
644 3225 835 3291 crederetur.
872 3226 935 3289 Die
957 3247 1032 3289 vero
1050 3227 1098 3290 lb.
1113 3223 1168 3288 illa
1188 3226 1254 3287 iam

136 3307 269 3371 sanitate
294 3317 492 3391 recuperata,
521 3309 607 3372 misit
628 3310 779 3393 episcopo
801 3308 943 3394 legatum
972 3310 1080 3373 nescio
1108 3329 1258 3405 proque

135 3411 242 3453 causa.
279 3389 403 3469 Quem&
424 3401 460 3453 ut
481 3389 534 3454 ille
556 3391 668 3455 delon
694 3415 711 3454 e
733 3393 959 3456 adventantem
980 3391 1070 3472 vidit,
1093 3389 1155 3454 s1bi
1176 3393 1254 3454 assi·

136 3472 285 3538 dentibus
305 3472 518 3539 laetabundus
541 3474 639 3538 dixit:
661 3415 837 3560 ‘llumquid
858 3496 931 3538 mea
969 3484 1086 3537 otestas
1101 3474 1207 3538 minor
1219 3475 1254 3537 in

135 3559 206 3639 ista,
240 3578 336 3642 quam
368 3557 475 3620 fratris
507 3559 571 3622 mei
598 3559 687 3622 Petri
718 3559 779 3622 fuit
806 3560 840 3621 in
871 3498 1031 3642 Sapilira‘?
1073 3558 1161 3622 Ecce
1191 3558 1254 3622 ista

134 3642 251 3705 misera
272 3649 320 3705 est
340 3651 476 3722 mortua,
499 3643 688 3706 auctoritate
709 3643 838 3708 iubente
860 3643 954 3705 meal'
991 3641 1056 3705 Sed
1071 3651 1254 3727 postquam,

135 3726 246 3788 nuntio
269 3725 402 3810 propius
423 3723 607 3807 accedente,
633 3727 743 3790 vivere
765 3747 835 3790 eam
857 3738 889 3791 et
910 3726 950 3790 ab
972 3725 1157 3790 infirmitate
1180 3748 1253 3790 con-

135 3807 274 3874 valuisse
297 3809 458 3892 cognovit,
480 3831 500 3873 a
521 3810 672 3895 superbia
693 3833 752 3873 sua
774 3809 866 3874 valde
889 3808 1038 3874 confusus
1061 3811 1204 3875 obticuit.

218 3894 248 3956 4.
292 3891 476 3978 Aliquando
506 3914 590 3974 cum,
620 3895 702 3958 sicut
729 3893 859 3975 solebat,
887 3896 921 3958 in
944 3895 1032 3957 ouria
1051 3895 1136 3980 regis
1159 3903 1253 3976 esset,

135 3987 167 4040 et
188 3999 332 4040 mensam
353 3977 438 4041 reois
461 3976 592 4042 cottidie
615 3976 851 4043 delicatioribus
874 3999 970 4063 quam
992 3978 1061 4063 ipse
1076 4001 1135 4042 rex
1150 3976 1253 4062 epulis

135 4071 290 4142 oneraret,
319 4025 458 4146 quadam
487 4061 540 4124 die
569 4063 692 4126 cunctis
719 4063 760 4126 ad
790 4061 898 4126 cibum
920 4061 1153 4146 pertinentibus
1174 4082 1252 4146 prae

134 4145 234 4207 nimio
263 4145 343 4208 luxu
372 4145 581 4230 consumptis,
608 4145 732 4231 dapifer
759 4146 828 4211 eius
855 4144 952 4210 nichil
980 4143 1137 4229 habebat,
1165 4144 1252 4231 quod

134 4269 158 4320 a)
174 4271 206 4310 ita
221 4273 312 4311 correxit
327 4272 429 4319 Peresius,
445 4273 522 4312 counio
537 4283 585 4321 cap.
600 4274 635 4316 ll.
651 4283 725 4312 varas
735 4273 814 4323 finem
830 4273 886 4320 qnia
902 4274 928 4321 1,·
944 4282 1013 4320 quam
1029 4273 1075 4311 cdd.
1121 4271 1143 4324 b)
1154 4273 1221 4312 linid.
1232 4275 1251 4314 l.

134 4330 228 4378 saepias,
252 4331 357 4380 similique
387 4332 449 4370 modo
471 4331 577 4373 Bavenb.
598 4330 684 4374 Geveh.
711 4337 749 4372 cic.
770 4333 849 4374 scribit.
939 4328 960 4382 o)
984 4331 1068 4373 Adelb.
1093 4334 1113 4383 1,
1135 4332 1187 4371 alibi
1201 4343 1252 4372 vero

133 4387 217 4428 Adalb.
277 4388 300 4440 d)
317 4393 372 4440 typo
389 4391 408 4430 1.
428 4385 461 4430 1¹³.
524 4389 546 4442 e)
564 4391 607 4430 orti
624 4393 644 4432 2.
698 4390 789 4444 oquia
805 4393 825 4432 1.
887 4389 910 4442 g)
928 4390 1003 4438 Quam
1020 4393 1040 4432 1.

979 4463 1022 4526 1*
