3114 4814
307 377 357 428 DE
377 376 534 428 UNITATE
554 377 757 430 aconasmn
778 377 1055 432 consulturum.
1212 381 1246 430 97

128 545 226 609 etiam
248 542 368 608 Paulus
391 547 592 631 conspiciens
614 547 827 632 perniciosam
848 546 911 611 sibi
932 569 1001 612 esse
1023 549 1177 613 unitatem
1199 571 1246 614 re·
1271 553 1360 596 Mt·

127 626 313 713 proborum,
346 628 489 695 dividere
521 639 614 696 curat
644 630 773 696 turbam
807 630 1047 696 Sadueaeorum
1079 643 1111 697 et
1136 614 1383 696 Phari-²³²⁶·10·

127 733 285 796 saeorum,
308 725 465 801 cumque*¹
486 717 520 779 in
542 715 623 780 duas
651 725 758 800 partes
786 715 1047 782 tumultuantium
1075 715 1246 781 multitudo

127 796 293 879 dividitur,
323 800 353 863 ei
374 801 429 862 via
451 801 623 885 ereptionis
653 799 805 885 aperitur,
832 801 917 886 quia,
962 823 1036 865 uem
1057 802 1153 866 turba
1174 823 1244 886 per-

128 883 330 967 sequentium
355 884 446 947 unita
472 887 718 966 constrinxerat,
746 881 849 948 divisa
869 823 1012 948 laxahat.
1055 884 1245 971 Eripiuntur

127 967 245 1030 etenim
272 966 359 1049 iusti,
388 967 465 1032 dum
493 967 681 1034 dividuntur
708 968 827 1050 iniusti,
855 977 887 1032 et
913 967 1086 1034 electorum
1106 979 1182 1034 vota
1203 969 1245 1034 ad

126 1049 304 1198 perfectum
333 1053 532 1137 perveniunt,
559 1053 637 1116 dum
664 1051 875 1137 reproborum
897 1054 1027 1138 agmina
1047 1075 1106 1138 per
1127 1053 1244 1118 discor·

150 1134 215 1198 iam
244 1135 493 1202 confunduntur.
536 1137 639 1222 Igitur
669 1137 755 1221 facta
787 1137 944 1202 divisione
976 1137 1244 1219 adversariorum,

129 1219 188 1304 qui
216 1240 273 1304 per
301 1218 418 1286 multos
447 1222 511 1284 iam
539 1243 639 1286 annos
664 1231 924 1306 repugnaverant
944 1233 1055 1288 contra
1075 1221 1245 1286 ecclesiam

125 1303 247 1388 pariter
269 1311 300 1368 et
320 1313 432 1370 contra
456 1305 719 1392 rempublicam,
749 1305 795 1370 illi
815 1327 892 1370 vero
944 1306 978 1369 ui
1005 1304 1245 1372 declinaverant

126 1395 202 1472 post
219 1388 445 1473 imperatorem
459 1399 654 1476 pepererunt
668 1391 698 1456 ei
714 1392 915 1454 incruentam
922 1327 970 1455 he
986 1389 1129 1455 hostibus
1144 1392 1243 1455 victo-

125 1472 218 1554 riam,
234 1473 396 1558 quoniam,
412 1496 486 1538 cum
500 1477 649 1540 timerent
663 1473 738 1538 hinc
753 1497 772 1538 a
787 1495 859 1538 com
885 1473 1110 1540 revincialibus
1126 1474 1243 1558 urgeri,

126 1554 214 1620 illino
236 1555 278 1621 ab
300 1557 504 1642 imperatore,
556 1561 590 1624 ui
616 1560 681 1623 iam
702 1560 790 1623 cirea
811 1497 884 1623 Kal.
908 1557 981 1623 Iulii
1002 1581 1077 1622 cum
1098 1558 1244 1623 exercitu

126 1638 248 1723 aderat,
269 1643 524 1727 impugnari,'de
561 1645 679 1708 tionem
700 1643 847 1708 fecerunt
868 1665 978 1708 omnes
1000 1653 1032 1708 et
1046 1642 1191 1708 Saxones
1214 1651 1321 1708 etuas.

126 1723 285 1810 Thuringi
296 1736 424 1812 praeter
434 1729 655 1812 paucissimos,
673 1729 738 1814 qui,
753 1726 863 1793 audito
875 1727 1017 1792 adventu
1032 1727 1244 1812 imperatoris,

125 1807 276 1892 fugerant
297 1809 380 1874 ultra
400 1809 520 1876 flumen
534 1810 664 1877 Albiam
686 1833 760 1875 cum
783 1833 841 1876 suo
862 1833 938 1897 rege
957 1811 1164 1894 Herimanno,
1186 1812 1243 1897 qui

125 1893 233 1976 etiam,
254 1903 365 1980 utpote
379 1917 453 1959 reus
468 1897 644 1962 maiestatis
659 1904 693 1960 at
715 1918 756 1961 ue
770 1895 870 1960 hostis
886 1895 1122 1961 ecclesiasticae
1166 1895 1243 1976 acis,

124 1977 295 2042 damnatus
317 1989 367 2043 est
401 1979 436 2042 in
465 1981 650 2066 supradicta
713 1981 932 2064 oguntiaoensi
958 1979 1092 2065 synodo.
1142 1917 1244 2043 huius

124 2060 221 2146 fugae
237 2061 296 2126 vel
310 2071 457 2128 auctores
478 2063 529 2129 vel
545 2065 676 2130 comites
695 2075 786 2130 erant
807 2065 951 2151 episcopi
965 2063 1119 2128 adversae
1133 2063 1243 2149 partis,

124 2144 265 2295 iedeoque
285 2148 461 2294 imperator
479 2159 567 2215 tanto
589 2151 705 2214 iustius
726 2149 876 2230 decrevit,
898 2147 1050 2213 substitui
1072 2145 1244 2212 catholicos

127 2251 297 2329 0p1scopos

352 2233 489 2298 estitutis
521 2233 675 2318 ecclesiis,
705 2243 824 2320 quanto
857 2233 1036 2298 evidentius
1064 2240 1244 2317 appareret,

125 2336 214 2412 ipsos
238 2315 415 2381 desertores
445 2317 652 2383 ecclesiarum
679 2317 787 2383 locum
813 2319 909 2383 etiam
931 2327 1039 2382 tenere
1060 2337 1244 2380 mercenna-

125 2419 256 2481 riorum,
283 2401 339 2486 qui
360 2401 431 2464 veri
458 2402 592 2468 fuissent
620 2403 753 2467 heretici
779 2401 942 2488 iidemque
964 2401 1110 2487 magistri
1131 2398 1245 2464 multo-

125 2505 200 2546 rum
222 2482 387 2550 scelerum.
432 2484 523 2551 Sicut
544 2488 629 2551 enim
655 2496 786 2552 sanctus
808 2484 1005 2570 Gregorius¹
1031 2485 1135 2566 docet,
1164 2507 1245 2549 mer·

126 2569 297 2632 eennarius
333 2577 397 2650 est,
429 2584 476 2650 qui
506 2592 577 2636 stara
608 2583 638 2636 ta
667 2583 784 2650 periculo
817 2583 905 2636 ouium
934 2601 988 2634 aaa
1014 2589 1112 2648 potest,
1142 2581 1189 2649 qui
1215 2582 1245 2634 iu

126 2673 170 2720 eo,
203 2659 273 2722 quod
308 2659 401 2710 ovibus
428 2665 550 2722 praeest,
583 2675 637 2709 uon
668 2674 729 2710 oues
760 2657 860 2726 diligit,
895 2657 943 2708 sed
975 2659 1078 2708 lucam
1113 2663 1245 2707 terrenum

126 2739 241 2806 qaaerit.
289 2726 392 2810 Igitur
422 2725 558 2809 fugitivo
590 2725 636 2788 illi
671 2737 702 2790 et
734 2723 871 2789 heretico
904 2723 1086 2807 Hartvigob
1116 2743 1243 2786 sucees-

126 2810 169 2873 sit
201 2808 376 2874 catholicus
411 2809 591 2894 Hartvigus
619 2811 654 2874 in
681 2810 903 2896 episcopatum
935 2804 1245 2892 Magadaburgensis

125 2891 299 2976 ecclesiae3
323 2917 419 2981 quem
441 2904 514 2979 post
535 2892 722 2960 electionem
740 2893 817 2958 cleri
838 2902 870 2958 et
891 2889 1002 2979 populi
1022 2891 1123 2976 ipsius
1146 2888 1244 2954 eccle·

126 2979 194 3042 siae
231 2977 391 3044 ordinavit
425 2977 645 3064 suffraganeus
681 2981 750 3044 eius
785 2977 892 3043 Diedo
929 2977 1125 3062 episcopus²
1161 2995 1244 3039 anno

128 3061 220 3127 1085.
243 3063 284 3128 ab
306 3064 525 3129 incarnatione
547 3063 690 3146 Domini,
712 3065 741 3133 3.
763 3061 843 3127 Idus
864 3059 946 3126 Iulii.
976 3059 1029 3124 Ad
1051 3060 1140 3123 cuius
1163 3059 1245 3123 ordi-

125 3147 290 3212 nationem
311 3170 462 3233 praesens
485 3157 554 3212 erat
574 3149 749 3234 imperator
765 3145 957 3227 Henrichus,
979 3145 1087 3230 ibique
1107 3152 1140 3208 et
1154 3165 1245 3229 prae·

127 3251 200 3295 sens
224 3242 292 3297 erat
317 3232 497 3298 Wezelinus
518 3231 728 3318 Moguntinae
755 3231 909 3296 ecclesiae
931 3228 1191 3314 archiepiscopus
1214 3237 1246 3292 et

127 3313 322 3401 Sigiwinusc
345 3316 546 3382 Coloniensis
567 3317 829 3402 archiepiscopus
852 3325 948 3400 atque
969 3313 1024 3377 alii
1048 3311 1157 3397 plures
1180 3312 1245 3410 epi-

126 3423 181 3466 sco
206 3403 227 3484 i,
251 3423 331 3488 quos
353 3423 539 3466 enumerare
560 3400 693 3484 longum
712 3400 863 3464 duximus
885 3397 1048 3464 studentes
1063 3395 1244 3461 brevitat1⁸.

126 3486 170 3552 Se
207 3497 378 3573 postquam
393 3489 568 3572 imperator
589 3485 709 3549 dimisit
730 3487 917 3565 exercitum,
939 3480 1035 3568 paulo
1056 3488 1130 3565 post
1145 3477 1246 3544 Saxo·

125 3593 184 3636 nes
213 3581 310 3657 atque
332 3569 490 3655 Thuringi
517 3569 558 3634 ad
580 3568 714 3634 solitae(l
735 3566 931 3632 infidelitatis
953 3565 1135 3630 redierunt⁰
1157 3564 1245 3649 inge·

125 3657 226 3738 nium,
249 3665 345 3742 atque
366 3664 439 3754 post
460 3654 541 3718 duos
562 3653 629 3719 fere
650 3676 775 3719 menses
797 3653 977 3740 promissae
998 3649 1075 3713 fidei
1101 3658 1133 3714 et
1155 3649 1245 3734 pacis

125 3763 186 3826 per
201 3740 476 3826 interpositmnem
491 3739 763 3803 iuramentorum⁴
785 3735 1007 3816 immemores‘
1022 3731 1246 3819 compulerunt

127 3947 151 4000 a)
169 3960 259 3999 cunque
276 3953 296 3997 1.
320 3955 338 3990 et
353 3949 450 3989 similiter
465 3959 481 3988 n
495 3958 537 3997 pro
553 3957 575 3986 m
589 3947 684 3996 saepius.
753 3945 777 3998 b)
799 3947 926 3996 Hartvingo
944 3947 964 3986 1.
1035 3939 1056 3994 c)
1078 3941 1204 3990 srwrgrnus
1221 3943 1241 3982 1.

128 4006 556 4060 d)molitae1;6²otiau.emardavu.
616 4003 638 4056 e)
655 4005 710 4044 deest
727 4007 748 4046 1.
806 4004 896 4056 odem
912 4007 938 4054 1,·
953 4003 1042 4044 Frater.
1058 4002 1149 4042 addidit.

130 4186 159 4254 1)
179 4188 303 4254 Gregorii
323 4188 413 4254 Opera
431 4187 455 4250 1,
474 4203 500 4253 p.
522 4183 601 4235 1486.
670 4181 700 4250 2)
719 4180 995 4246 Brandenburgensis.
1064 4175 1093 4244 3)
1114 4177 1155 4229 cf.
1174 4178 1243 4228 Arm.

128 4263 228 4314 Saron.
254 4278 280 4328 p.
301 4262 363 4312 723.
389 4267 415 4312 et
436 4261 504 4311 Ann.
524 4257 659 4324 Magdsb,
685 4257 730 4324 qui
750 4254 845 4306 eadem
863 4253 980 4306 tradunt.
1065 4251 1095 4317 4)
1116 4251 1157 4304 cf.
1176 4251 1246 4302 Anu.

127 4337 241 4401 August.
261 4333 323 4402 (SS.
341 4335 396 4398 III,
416 4351 443 4401 p.
460 4331 534 4399 131).

978 4421 993 4470 'l
