3098 4818
302 329 338 378 90
587 327 710 378 BRUNO
730 326 780 377 DE
799 325 920 377 BELLO
941 323 1133 376 SAXONICO.

217 497 389 578 ⁴⁰⁸⁰·tutis,
420 495 503 559 sicut
531 493 722 580 dispositum
750 492 863 576 fuerat,
891 494 962 578 ipse
988 491 1108 558 bellum
1135 493 1257 578 primus
1282 491 1436 576 incipere

198 570 367 644 ¹⁸⁸·²⁷'non
393 579 540 664 refugiat.
584 577 647 644 cui
671 577 739 643 dux
766 577 844 643 Otto
872 577 1052 664 respondit,
1081 577 1109 641 si
1138 576 1201 641 sibi
1230 576 1312 640 sieut
1334 585 1435 661 puta

303 663 420 728 bantur
440 663 568 749 primo⁸
588 663 760 744 venissent,
784 685 818 728 se
833 661 1013 726 nullatenus
1028 683 1139 725 eorum
1154 659 1342 725 violentiam
1365 659 1435 723 for·

303 747 444 828 midare3
467 768 552 810 nunc
573 768 651 811 vero
673 769 707 811 se
729 768 795 810 non
815 768 911 832 posse
933 768 1010 810 suae
1031 746 1168 831 legionis
1184 744 1329 810 ordinem
1353 765 1433 807 con-

303 843 443 914 vertere;
471 841 503 896 et
529 832 665 916 rogavit,
692 839 728 894 ut
756 829 800 894 illi
823 829 939 917 quibus
958 833 1065 916 primo
1086 831 1258 910 venissent,
1281 849 1338 892 eos
1360 837 1434 893 tota

303 918 420 982 virtute
442 916 651 1001 susciperent,
673 916 861 1001 promittens
883 937 917 979 se
933 915 1160 1002 cumprimum
1182 922 1300 999 posset,
1324 913 1372 976 eis
1397 913 1433 975 in
1538 959 1539 962 ,

304 999 461 1064 auxilium
489 1009 671 1064 venturum.
720 999 870 1085 Denique
899 998 999 1063 multo
1028 997 1121 1064 aliter
1147 998 1299 1084 incipitur
1329 1017 1432 1082 quam
1535 1001 1536 1004 ’

194 1085 497 1171 'atmdispositum
526 1083 648 1153 fuisset.
700 1083 783 1147 Nam
811 1085 996 1147 novissimi*
1025 1083 1108 1147 fiunt
1136 1084 1242 1169 primi,
1270 1091 1302 1144 et
1328 1081 1433 1166 primi

304 1169 480 1234 novissimi.
523 1167 651 1233 Acriter
671 1169 779 1254 itaque
800 1168 960 1254 utrimque
982 1178 1153 1254 pugnatur,
1181 1166 1238 1230 sed
1264 1175 1434 1230 momento

303 1253 397 1318 brevi
417 1254 536 1317 finitur.
578 1253 662 1316 Nam
685 1253 830 1318 Saxones
851 1253 1005 1316 citissime
1028 1253 1183 1333 conversi,
1204 1250 1350 1315 hostibus
1373 1251 1435 1335 qui

305 1337 366 1402 sibi
388 1347 541 1402 venerant
563 1349 697 1421 atergo,
718 1336 827 1400 vultus
842 1336 1009 1401 horribiles
1025 1336 1205 1418 ostendunt,
1227 1344 1259 1399 et
1273 1355 1339 1398 non
1354 1343 1434 1398 ante

305 1423 489 1508 quiescunt,
518 1443 615 1507 quam
643 1441 697 1484 eos
726 1422 760 1483 in
784 1420 896 1505 fugam
917 1443 1026 1486 versos
1053 1420 1115 1485 sibi
1136 1431 1227 1506 terga
1247 1427 1433 1483 monstrare

305 1528 377 1570 com
403 1503 511 1569 ellunt.
554 1505 702 1568 Victores
727 1506 836 1590 itaque
859 1504 1004 1570 Saxones
1031 1507 1159 1587 reversi,
1185 1501 1313 1582 multas,
1343 1503 1433 1567 sicut

305 1527 449 1668 decebat,
479 1587 589 1652 laudes
618 1588 798 1654 referebant
824 1591 967 1654 omnium
994 1590 1151 1654 bonorum
1173 1587 1328 1672 largitori.
1374 1586 1433 1650 Ex

304 1674 421 1738 nostris
444 1681 550 1736 autem
571 1674 669 1736 iacuit
690 1675 723 1736 in
745 1671 800 1737 illo
822 1672 943 1760 proelio
964 1673 1197 1759 Meginfridusb
1212 1670 1432 1755 Magedabur-

304 1758 412 1843 gensis
433 1757 628 1842 praefectus,
649 1771 713 1822 ex⁰
741 1757 804 1822 illis
829 1780 908 1823 vero
930 1757 1151 1839 Folcmarusd,
1182 1767 1232 1821 ete
1253 1755 1433 1839 Pragensis

304 1842 495 1928 praefectus,
517 1853 644 1906 etcum
666 1843 712 1906 eis
728 1842 934 1906 Boemiorum
957 1852 1197 1926 ceterorumque
1218 1861 1283 1904 non
1304 1861 1433 1926 parvus

304 1948 465 1990 numerus.
512 1925 696 1990 Heinricum
719 1936 837 2008 autem,
860 1927 916 2012 qui
937 1949 1015 1990 mox
1036 1927 1164 2011 incepto
1187 1922 1308 2010 proelio
1329 1923 1366 1986 fu
1390 1946 1433 1988 ae

306 2033 340 2075 se
368 2009 616 2088 commendavit,
643 2009 851 2095 Lothowigus
879 2033 937 2096 per
965 2009 1079 2074 silvam
1108 2009 1229 2074 semitis
1254 1946 1433 2072 latentibus

306 2094 451 2160 abduxit.
498 2094 669 2158 Exercitum
697 2117 773 2158 vero
803 2095 872 2158 eius
901 2116 966 2158 non
994 2094 1088 2179 longe
1115 2101 1189 2180 post
1213 2091 1254 2156 ad
1282 2091 1433 2156 eiusdem

305 2179 400 2264 fugae
428 2177 622 2263 praesidium
654 2188 799 2259 coactus,
827 2181 918 2243 iuxta
973 2179 1113 2243 uoddam
1146 2175 1311 2242 castellum
1341 2175 1434 2275 quod

306 2262 423 2326 dicitur
445 2261 657 2347 Wartbergs·¹
680 2263 834 2347 fatigatus
857 2201 1008 2344 consedit,
1031 2274 1063 2328 et
1084 2261 1144 2342 ibi,
1168 2261 1270 2325 donec
1293 2260 1375 2324 cibls
1397 2271 1434 2325 et

306 2347 417 2431 requie
438 2357 659 2410 recrearentur
680 2368 824 2432 corpora,
847 2348 1039 2432 repausavit.
1084 2347 1249 2411 Nostrates
1271 2367 1346 2410 vero
1371 2345 1431 2430 qui

307 2428 472 2494 castellum
495 2429 655 2511 tenebant,
677 2430 721 2493 im
746 2441 799 2495 etu
821 2432 928 2496 subito
951 2453 1006 2496 eos
1021 2430 1174 2510 insiliunt,
1197 2438 1229 2494 et
1247 2429 1293 2495 eis
1307 2429 1432 2512 fugatis

308 2515 415 2579 omnia
429 2535 531 2598 paene
547 2537 630 2599 quae
645 2454 805 2580 habebant
820 2515 983 2600 diripiunt,
998 2537 1107 2601 equos,
1124 2537 1221 2596 arma,
1238 2535 1317 2577 vasa
1331 2535 1433 2578 aurea

308 2608 340 2663 et
361 2608 522 2682 argentea,
545 2601 637 2684 piper
659 2610 690 2663 et
711 2598 773 2663 alia
794 2601 968 2684 pigmenta,
998 2599 1096 2684 pallia
1117 2610 1148 2664 et
1169 2600 1310 2684 pretiosa
1331 2597 1432 2661 vesti-

306 2693 423 2749 menta.
467 2683 547 2747 Erat
568 2687 652 2747 enim
675 2685 709 2746 in
731 2684 844 2748 eadem
867 2685 1018 2750 societate
1040 2682 1223 2770 patriarcha
1242 2693 1273 2746 et
1287 2681 1342 2744 alii
1356 2701 1431 2766 par·

306 2769 387 2831 tium
399 2766 524 2830 illarum
535 2769 707 2852 principes,
724 2769 780 2854 qui
791 2787 897 2831 secum
914 2768 1043 2832 divitias
1054 2777 1262 2854 portaverant
1272 2769 1431 2851 ingentes.

307 2851 442 2914 Faenum
465 2861 514 2916 est
534 2863 640 2916 autem
663 2853 724 2916 hoc
745 2854 872 2917 tertium
894 2852 1051 2938 proelium
1075 2873 1158 2916 anno
1180 2851 1314 2916 Domini
1336 2851 1431 2934 1080,

307 2936 336 3004 6.
359 2933 496 3001 Kalend.
519 2935 684 3018 Februar,
705 2937 785 3002 feria
806 2941 835 3000 2.

233 3041 298 3083 rora
394 3019 485 3082 llas
538 3019 554 3082 Ι
579 3032 633 3083 so²
662 3043 746 3085 anno
776 3020 912 3085 domnus
945 3019 1139 3106 apostolicus
1171 3020 1205 3082 in
1236 3019 1431 3084 Teutonicas

307 3111 414 3187 partes
436 3123 456 3164 a
471 3043 615 3186 syn0d0³
638 3105 815 3169 subiectam
830 3106 917 3170 misit
931 3102 1133 3190 epistolant:
1157 3104 1339 3190 Gregorius
1360 3106 1431 3189 epi·

307 3187 443 3270 campasi
473 3209 584 3250 servas
612 3210 777 3252 servornm
806 3188 886 3270 Dei,
925 3191 1072 3254 omnibus
1110 3189 1368 3274 archiepiscopis
1401 3197 1430 3252 et

308 3273 471 3356 episcopis
492 3273 529 3336 in
554 3273 726 3336 Teutonico
749 3281 844 3358 atqae
866 3275 902 3336 in
918 3273 1086 3340 Sanonieo
1102 3295 1203 3358 repno
1226 3294 1429 3337 commanen-

308 3356 433 3438 steort,
462 3355 671 3442 omnibusque
693 3357 926 3441 principibus,
954 3361 1080 3423 eunetis
1109 3359 1206 3422 etiam
1231 3357 1429 3422 maioribas¹

309 3451 404 3586 atpae
433 3441 628 3522 minoribns,
659 3443 717 3527 qai
745 3465 812 3505 non
838 3451 916 3505 eant
944 3443 1214 3506 encommnnieati
1242 3451 1271 3504 et
1300 3441 1428 3505 obedire

308 3547 348 3586 co
362 3527 480 3604 aerint,
502 3523 639 3590 salntem
661 3535 689 3589 et
717 3525 928 3610 apostoticam
956 3527 1216 3591 benedictionem.
1262 3523 1427 3599 Quoniam

311 3665 333 3717 a)
351 3667 450 3716 primurn
466 3669 616 3709 obvenissent
631 3670 652 3710 2.
734 3668 806 3721 b)s'ta
822 3671 849 3720 ἲς
865 3671 1003 3712 Mstntrtdus
1020 3674 1040 3713 1.
1116 3669 1137 3723 a)
1155 3675 1223 3712 etex
1239 3673 1259 3716 1.
1336 3670 1428 3721 arsl-

309 3723 724 3774 marus13votcmarus1b.c.1>raa.
780 3725 1175 3780 e)etiamtb.e.1)resa.fort.reen.
1236 3728 1428 3782 OWartberht.

310 3782 334 3836 g)
350 3785 414 3824 iodea
428 3785 518 3824 nonnisi
532 3786 556 3824 tn
570 3797 620 3826 voce
635 3787 761 3837 Gregorius
782 3789 843 3828 aliua
862 3795 927 3840 capnt
947 3791 1040 3833 orditur.
1114 3790 1138 3842 h)
1155 3791 1390 3840 atrocitatemque
1404 3794 1430 3828 at

310 3845 379 3884 altera
407 3854 462 3894 quae
491 3845 600 3896 sequitur,
634 3857 680 3886 eam
706 3849 833 3897 apomapho
861 3859 916 3890 aaa.
937 3849 973 3888 XI
996 3850 1020 3890 in
1046 3851 1092 3890 cod.
1118 3849 1166 3890 titt.
1196 3850 1253 3892 cath.
1284 3849 1346 3888 Trea.
1378 3849 1428 3888 102.

309 3902 327 3955 i)
343 3903 399 3942 deest
416 3905 435 3944 1.
452 3903 473 3944 2.
533 3902 557 3954 k)
575 3907 768 3946 commorantibus
786 3907 811 3948 Τ.
827 3907 873 3950 rell.
932 3907 950 3960 l)
966 3909 1022 3953 min.
1037 3921 1057 3950 a.
1074 3910 1121 3948 mai
1137 3910 1158 3948 1.

313 4035 340 4103 l)
366 4034 513 4104 Warthanp.
552 4035 582 4088 P.
658 4033 688 4103 2)
707 4036 845 4104 Epistolae
862 4038 930 4092 istae
943 4058 1013 4094 anno
1030 4041 1109 4092 10⁷9.
1130 4041 1244 4107 scriptae
1263 4057 1318 4093 esse
1335 4041 1428 4093 viden-

311 4115 371 4172 tem,-
388 4109 422 4176 ej.
440 4109 580 4161 Bartholdi
601 4109 721 4162 Annales
744 4111 817 4164 Mon.
837 4113 924 4166 Germ.
944 4113 994 4166 SS.
1022 4115 1056 4177 V,
1076 4134 1098 4182 p
1130 4115 1192 4168 318.
1228 4114 1331 4165 Paulas
1350 4113 1429 4166 etiam

310 4183 407 4234 Bernr.
427 4199 486 4249 cap.
508 4185 568 4234 105.
583 4182 702 4248 priorem
720 4185 858 4250 epistolam
878 4204 947 4239 anno
969 4190 1048 4242 1079.
1070 4189 1195 4256 assipnat.
1214 4186 1246 4239 P.
1303 4185 1333 4254 8)
1354 4189 1430 4250 Quae

310 4273 396 4308 menae
415 4256 478 4307 Fa.
492 4273 519 4308 a.
535 4257 604 4306 1079
626 4257 756 4309 celebrata
775 4268 820 4310 est.
858 4260 895 4311 In
913 4261 1024 4330 registro
1044 4263 1094 4314 bae
1112 4261 1238 4330 epistolae
1261 4279 1315 4313 non
1338 4263 1430 4330 lepan·

311 4337 371 4390 tar,·
391 4346 408 4379 a
425 4329 510 4394 Iaffio
529 4329 617 4382 editae
635 4339 697 4382 sarit
715 4329 789 4385 Mon.
810 4333 918 4400 (ἕτερον.
932 4353 964 4402 p.
985 4337 1039 4388 5⁶0
1057 4353 1112 4402 sqq.
1155 4335 1191 4387 W.
