3098 4818
421 353 542 406 BRUNO
561 355 611 404 DE
629 355 749 406 BELLO
769 354 958 408 SAXONICO.
1224 357 1259 409 69

137 522 240 587 sancti
261 520 406 603 Martini,
435 532 467 586 et
487 521 533 587 ibi
555 519 754 607 conglobati,
782 522 924 586 consiliis
950 523 1111 610 armisque
1133 525 1258 601 muniti,
1270 542 1336 585 10²⁷.

136 606 242 671 subito
258 627 331 670 oum
352 626 470 690 magno
484 605 608 691 impetu
622 606 780 687 exierunt,
802 615 834 671 et
848 605 988 671 urbanos
1003 617 1059 672 aut
1074 607 1260 674 occiderunt

138 701 196 755 aut
207 699 370 775 ceperunt,
385 699 513 775 praeter
526 711 582 754 eos
598 692 653 775 qui
668 690 764 774 fugae
779 712 814 753 se
829 690 1003 772 credentes,
1026 691 1141 756 timore
1155 693 1260 778 pemi-

138 775 268 839 citatem
280 772 454 872 praebente
466 771 614 838 abierunt
623 772 785 840 velociter.
806 774 844 838 In
860 775 997 840 crastino
1008 796 1085 840 vero
1096 797 1207 841 omnes
1218 798 1261 840 ex

138 857 219 922 urbe
231 878 368 922 maiores
379 868 453 922 ante
464 879 574 942 regem
586 857 748 944 supplices
760 867 925 936 venerunt,
937 867 969 924 et
979 857 1019 924 de
1030 857 1152 925 malitia
1162 881 1260 946 quam

137 941 288 1024 fecerant,
311 940 470 1028 supplicia
491 963 574 1026 quae
595 964 654 1006 rex
675 941 805 1006 volebat
825 943 973 1028 accipere
987 942 1153 1026 dedenmt,
1175 953 1207 1008 et
1225 953 1262 1012 ut

137 1025 274 1114 posthac
295 1026 532 1112 imperpetuum
554 1024 663 1090 fideles
684 1027 715 1090 ei
734 1036 909 1108 manerent,
931 1027 1128 1092 iuraverunt.

224 1110 275 1175 93.
320 1109 387 1175 Sed
412 1132 470 1174 rex
499 1130 564 1172 non
589 1109 711 1176 habens
738 1111 784 1174 eis
810 1109 917 1192 fidem,
952 1111 1114 1176 civitatem
1139 1111 1262 1176 dimisit

138 1204 171 1258 et
198 1193 240 1256 ad
270 1192 392 1258 Suevos
419 1192 515 1274 abiit3
551 1192 660 1278 ibique
689 1216 804 1280 parum
834 1205 986 1274 moratus,
1014 1194 1057 1258 ad
1086 1195 1261 1263 saxoniam

138 1278 294 1343 transivit.
352 1276 436 1340 Nam
474 1276 655 1342 dominicae
688 1279 931 1342 resurrectionis
962 1277 1132 1344 festivitate
1173 1301 1193 1342 a
1216 1278 1262 1344 ud

137 1363 320 1460 Augustam
342 1362 504 1427 civitatem
526 1360 696 1442 celebrata,
719 1364 753 1426 in
773 1371 999 1448 pentecostenl
1028 1361 1071 1427 ad
1091 1301 1261 1450 Erpesiort

137 1454 235 1526 vemt,
266 1455 298 1510 et
325 1444 401 1510 inde
423 1466 488 1509 non
509 1466 610 1530 parva
632 1445 798 1511 Saxonum
824 1445 1028 1511 multitudine
1057 1468 1131 1512 cum
1159 1446 1261 1533 regali

137 1529 257 1594 honore
272 1529 442 1610 deductus,
460 1528 679 1613 apostolorum
702 1531 883 1616 principum
904 1531 1008 1618 princi
1032 1529 1114 1596 alem
1136 1529 1368 1598 nollem-roma

136 1614 290 1678 nitatem⁸¹
311 1615 345 1676 in
366 1611 447 1677 urbe
468 1612 728 1699 Merseburgensi
755 1615 924 1680 devotione
953 1553 1054 1680 muita
1075 1614 1259 1684 celebravit

138 1698 212 1778 Quo
236 1719 308 1760 cum
332 1696 372 1760 de
394 1697 519 1760 cunctis
535 1696 696 1762 Saxoniae
713 1699 859 1783 partibus
881 1700 1019 1764 maiores
1034 1708 1067 1764 et
1081 1699 1259 1766 mediocres

137 1782 373 1860 convenissent,
408 1802 581 1864 regemque
617 1781 699 1844 sicut
734 1804 754 1846 a
789 1782 989 1868 principibus
1026 1792 1094 1846 erat
1129 1782 1259 1863 electus,

137 1865 330 1929 unanimiter
350 1864 385 1927 in
406 1885 505 1948 regno
528 1863 780 1946 confirmassent,
803 1865 886 1930 dixit
906 1887 974 1946 rex,
997 1864 1060 1928 sibi
1077 1886 1143 1929 non
1156 1866 1260 1930 videri

138 1948 255 2014 decens
287 1945 339 2012 vel
370 1945 457 2029 utile,
488 1946 634 2012 Saxones
667 1949 759 2047 quasi
790 1950 887 2034 plena
916 1971 996 2035 pace
1048 1950 1144 2014 otitos
1171 1949 1260 2014 domi

139 2034 263 2120 quietos
293 2030 421 2114 sedere3
451 2033 615 2118 suasitque
641 2031 713 2114 ilhs,
745 2042 781 2097 ut
802 2033 946 2097 exercitu
968 2054 1005 2096 co
1029 2043 1099 2098 ecto
1128 2032 1259 2097 hostiles

136 2116 220 2182 ultro
265 2126 349 2182 artes
371 2114 568 2197 invaderent,
599 2118 748 2201 quatinus
770 2115 893 2203 aliquid
914 2117 1038 2182 fortiter
1063 2116 1200 2202 agendo,
1228 2126 1260 2182 et

136 2225 157 2267 a
177 2224 212 2266 se
235 2139 387 2282 desidiae,
410 2222 474 2286 qua
494 2201 595 2264 notati
617 2211 716 2283 erant,
746 2202 878 2266 notamb
906 2199 1078 2284 abicerent,
1110 2209 1143 2265 et
1163 2199 1258 2284 hosti,

138 2287 194 2451 qui
221 2285 261 2350 de
288 2287 424 2350 victoria
452 2285 611 2430 superbus
640 2285 794 2368 tumebat,
823 2287 1041 2372 arrogantiam
1066 2286 1257 2350 minuerent.

169 2368 234 2434 uod
256 2370 319 2434 eti
345 2369 372 2431 si
392 2367 475 2446 laeti¹
501 2379 641 2434 ecerunt.

221 2455 273 2518 94.
315 2392 420 2536 fgitur
441 2454 476 2516 in
493 2451 546 2514 Au
571 2463 642 2517 usto
664 2475 774 2516 mense
796 2475 870 2517 cum
893 2475 1009 2539 magno
1033 2453 1177 2518 exercitu
1198 2475 1257 2519 rex
1268 2474 1325 2524 sua.

136 2535 293 2600 Rodulfus
315 2533 429 2600 urbem
450 2535 560 2600 Wirce
584 2559 645 2621 urg
666 2536 800 2616 obsedit,
822 2537 864 2600 ad
886 2559 984 2623 quam
1006 2537 1258 2623 expugnandam

136 2619 302 2684 machinas
335 2619 454 2684 diversi
485 2621 612 2704 generis
647 2621 755 2704 parari
787 2621 889 2684 iussit.
932 2622 1024 2700 Quae
1058 2620 1135 2684 dum
1164 2642 1257 2707 para·

137 2704 263 2785 bantur,
284 2704 355 2788 ipse
377 2704 461 2766 sicut
481 2725 540 2768 rex
562 2703 751 2768 christianus
772 2703 881 2768 Deum
902 2705 1018 2767 timens
1041 2725 1149 2768 secum
1171 2707 1257 2790 cogi-

137 2788 245 2862 tabat,
281 2789 335 2851 uia
357 2787 384 2852 si
406 2784 483 2852 urbs
498 2798 593 2872 capta
606 2786 728 2868 fuisset,
750 2786 792 2850 ab
807 2786 951 2852 ecclesiis
965 2785 1016 2851 vel
1030 2786 1257 2854 ecclesiasticis

136 2873 233 2938 rebus
259 2810 429 2937 (diruendis
461 2869 513 2934 vel
545 2870 734 2956 diripiendis
761 2871 880 2957 vulgus
911 2869 1010 2936 semel
1037 2871 1256 2937 intromissum

136 2979 197 3022 nec
217 2959 287 3056 ipse
307 2979 366 3022 rex
392 2976 543 3020 revocare
572 2964 691 3041 posset.
734 2955 823 3041 Ergo
849 2955 953 3020 lentus
981 2954 1027 3020 ibi
1054 2955 1197 3038 sedebat,
1224 2965 1257 3022 et

138 3063 320 3106 occasiones
343 3039 486 3106 diversas
507 3061 548 3104 ne
569 3063 614 3125 pu
639 3048 768 3104 naretur
788 3039 830 3104 ad
851 3039 965 3106 urbem
987 3039 1180 3126 quaerendo,
1209 3040 1256 3103 in-

136 3135 263 3212 tegrum
284 3124 350 3189 fere
372 3145 515 3188 mensem
537 3061 638 3188 nichd
664 3124 834 3210 proficiens
862 3123 909 3188 ibi
937 3122 1101 3205 manebat;
1130 3121 1255 3188 maluit·

138 3232 201 3296 que
245 3208 406 3288 loriosam,
429 3209 521 3292 quasi
543 3209 656 3273 urbem
678 3229 792 3295 capere
813 3230 879 3273 non
901 3220 1018 3294 posset,
1041 3207 1160 3274 habere
1181 3229 1255 3271 con-

136 3231 311 3373 tumedam,
332 3313 428 3377 quam
474 3289 673 3374 ericulosam,
695 3303 732 3356 ut
752 3293 833 3358 urbe
847 3293 1010 3358 destructa
1025 3289 1123 3356 nulli⁶
1145 3311 1256 3356 sacrae

136 3379 184 3442 rei
205 3386 400 3464 parceretur,
421 3313 589 3524 adquirere
611 3374 757 3460 gloriam.

220 3462 271 3528 95.
314 3459 441 3524 Interea
496 3460 635 3524 einricus
657 3482 768 3542 exrex,
795 3460 941 3524 exercitu
967 3479 1028 3523 nec
1055 3478 1173 3542 magno
1194 3479 1256 3523 neo

136 3546 211 3610 forti
233 3551 428 3630 congregato
449 3581 492 3594 -
511 3565 586 3608 nam
608 3545 751 3610 maxima
771 3566 847 3630 pars
868 3545 936 3626 eius
959 3564 1001 3607 ex
1022 3541 1256 3607 mercatoribus
1273 3559 1298 3643 ,s
1387 3560 1396 3611 ζ

137 3640 205 3696 erat
231 3669 273 3679 -
299 3627 428 3692 obviam
459 3627 576 3692 nostris
608 3627 655 3692 ire
687 3629 829 3714 paravit;
885 3629 1018 3713 igroque
1069 3646 1163 3709 rogre
1187 3617 1420 3712 ienss„¹‘s”²'}⁴*³³'
1437 3614 1507 3720 ιῇὶ·

136 3715 271 3794 incessu,
293 3711 458 3776 Bawarios
481 3720 512 3776 et
533 3711 694 3795 Boemios,
723 3733 803 3798 quos
827 3649 889 3776 sitii
910 3712 943 3775 in
966 3647 1124 3774 auxilium
1145 3687 1317 3792 venireis·
1330 3737 1333 3757 ·
1346 3697 1538 3791 ''¹³'0->w‘b'ftic

136 3821 151 3864 s
176 3795 296 3878 orabat,
314 3795 434 3860 frustra
448 3797 641 3882 expectavit
684 3797 758 3878 Quo
772 3819 832 3861 rex
845 3793 1004 3860 Rodulfus
1019 3794 1139 3876 audito,
1153 3792 1256 3858 laetus
1281 3809 1295 3870 j*
1311 3783 1351 3842 ³³2
1368 3833 1376 3844 ·
1393 3810 1446 3849 1²2
1459 3799 1473 3850 “.’
1482 3811 1511 3864 ’Ἀ

137 3821 336 3948 obsidionem
366 3878 487 3944 dimisit
517 3878 664 3965 hostique
697 3903 793 3946 saevo
823 3881 948 3945 saevior
976 3899 1141 3944 occurrero
1168 3876 1487 3970 festi·‘;‹1=='„!5¹„,'

135 3972 233 4032 navit.
283 3964 337 4029 Ad
365 3961 500 4028 fluvium
533 3963 642 4112 itaqpc
675 3965 732 4050 qui
764 3973 899 4029 vocatur
930 3963 1061 4028 Neokar
1093 3961 1254 4026 exercitus
1301 3965 1303 3975 '

136 4051 230 4116 ambo
245 4056 465 4114 convenerunt
485 4056 518 4112 et
538 4047 573 4110 in
621 4070 713 4114 versa
727 4049 798 4134 ripa
817 4049 925 4112 animo
939 4045 1105 4133 pugnandi
1126 4043 1255 4108 diverso

136 4183 159 4237 a)
174 4187 207 4226 ito
223 4187 248 4236 85
265 4186 321 4225 dccet
338 4187 358 4225 1.
419 4183 444 4237 b)
460 4194 546 4225 nomen
563 4186 582 4226 1.
601 4179 634 4225 lb.
697 4182 798 4234 c)nu11s
815 4186 835 4226 1.

9 4335 17 4344 .
138 4280 301 4406 1)le{ua.,4,·
319 4280 367 4404 aad
385 4281 435 4334 hoc
444 4284 548 4349 scatron
568 4288 630 4334 terre
643 4279 778 4331 Bcraoldo
798 4278 875 4346 opud
886 4273 1096 4344 Hirrouyiemes
1115 4272 1257 4326 monachos

135 4371 162 4406 ce
203 4362 282 4405 ronst.
357 4385 364 4400 .
