3116 4822
301 353 367 404 XVI
756 350 972 403 PRAEFATIO.

393 519 570 585 Waltramo
591 521 805 604 praepositus
833 527 904 582 erat
930 518 1053 582 Hartni
1076 540 1115 581 us
1146 519 1258 585 auchie
1282 522 1430 604 iscopus‚

303 606 361 688 qui
400 628 422 668 a
455 602 616 702 Greporio
646 626 743 688 papo
776 604 870 666 stetit.
922 602 956 666 Is
995 541 1164 668 odinaoit
1202 603 1245 668 W
1275 613 1429 674 tremum.

303 689 433 753 Deinde
454 688 547 752 nobis
568 696 765 768 narratur1,
787 686 937 752 coenolio
953 686 1151 772 Pepaviensi
1172 710 1194 750 0
1209 689 1321 752 comite
1339 688 1432 774 Wtq-

304 772 390 836 berto
413 781 575 836 sustracto
605 781 634 836 et
664 793 753 835 anno
778 772 869 836 1095.
895 769 1054 857 perfecto,
1082 771 1284 858 Hartoipum
1317 772 1430 836 archi-

304 858 493 955 episcopum
515 855 543 918 7.
556 856 630 919 Kal.
643 855 728 940 Aup.
747 856 838 919 1096.
853 855 1034 940 Papaniom
1049 857 1174 920 venisse
1189 865 1228 936 01,
1251 878 1433 941 cooperan-

304 940 391 1005 tibus
413 942 444 1004 ei
461 940 565 1004 tribus
587 941 750 1024 episcopis
765 938 909 1004 Albuino
932 939 1204 1025 Merseburpensi
1226 939 1431 1005 Walrobano

307 1023 446 1106 Cieensi,
461 1023 593 1088 Ezelu'uo
610 1023 877 1109 Haoelberpensi‚
893 1023 1080 1088 coenobium
1095 1045 1309 1088 consecrasse.
1335 1024 1430 1088 Non-

305 1108 392 1172 nulli
413 1110 557 1173 homines
580 1107 667 1172 docti
689 1108 752 1172 lac
774 1111 810 1171 in
825 1131 861 1172 re
876 1106 1081 1192 offenderunt
1102 1130 1203 1193 enque
1216 1109 1430 1191 potissimum

300 1195 442 1276 permoti
473 1201 559 1273 sunt,
593 1202 628 1255 ut
660 1191 781 1256 librum
810 1192 850 1256 de
875 1194 1002 1255 unitate
1029 1191 1102 1255 eccl.
1125 1214 1214 1256 cons.
1250 1192 1429 1257 Waltramo

305 1279 457 1362 episcopo
472 1276 722 1361 Numburpensi
737 1276 923 1340 abnuerent.
953 1275 1067 1360 Neque
1082 1277 1167 1340 enim
1180 1275 1262 1356 fleri
1278 1277 1430 1362 potuisse

299 1370 433 1444 putant,
462 1370 497 1423 ut
526 1361 579 1423 lic
607 1363 779 1443 episcopus
802 1359 1013 1444 Hartvipum,
1041 1361 1121 1444 quip
1148 1382 1164 1423 0
1214 1363 1252 1425 ui
1276 1363 1307 1426 ei
1323 1381 1429 1444 prae·

295 1443 432 1527 fuisset,
454 1467 525 1508 eum
542 1444 736 1524 ordinasset,
759 1467 832 1508 cum
854 1466 888 1508 00
911 1466 982 1508 una
1003 1443 1097 1528 apud
1151 1383 1311 1529 ipllertum
1333 1447 1431 1509 comi·

304 1537 365 1592 tem
371 1526 506 1612 fuisset,
520 1527 689 1592 nonnullis
704 1527 783 1592 locis
798 1527 876 1592 libri
895 1529 950 1591 sui
959 1529 1275 1612 pseudoepiscopum
1291 1528 1355 1612 (ΙΙ,
1367 1528 1429 1610 35)

306 1621 401 1697 atque
423 1615 522 1676 etiam
543 1612 676 1676 stultum
692 1622 859 1696 pastorem
882 1612 946 1696 (II,
967 1611 1026 1693 25)
1049 1634 1123 1676 cum
1145 1612 1290 1696 quadam
1312 1620 1428 1677 contu-

304 1696 402 1760 melia
424 1695 616 1781 appellaret.
662 1694 759 1761 Talia
772 1698 891 1780 facere
913 1718 980 1760 non
1002 1696 1105 1760 solum
1132 1696 1344 1780 impudentis,
1372 1696 1432 1759 sed

305 1783 403 1844 etiam
424 1781 644 1864 imprudentis
666 1803 742 1860 esse,
765 1803 838 1845 cum
860 1780 912 1844 luis
933 1782 1039 1846 uerbis
1059 1781 1125 1844 uim
1147 1789 1176 1844 et
1199 1782 1429 1845 auctoritatem

305 1887 385 1928 suae
406 1866 514 1950 ipsius
537 1866 762 1930 ordinationis
782 1865 913 1929 tolleret.
957 1863 1089 1948 Atfuit
1109 1873 1187 1927 tunc
1209 1865 1363 1949 temporis
1385 1886 1427 1928 ne

305 1971 376 2012 una
405 1949 536 2035 quidem
561 1952 748 2033 provincia,
774 1951 811 2013 in
857 1972 902 2012 ua
924 1971 1032 2012 omnes
1053 1950 1202 2033 episcopi
1222 1949 1308 2012 idem
1330 1950 1429 2013 senti·

305 2043 378 2097 rent
399 2043 429 2098 et
449 2057 515 2098 noa
524 2032 740 2118 praeclarum
760 1973 854 2098 illud
863 2034 1007 2097 Terentii
1027 2053 1100 2096 vere
1114 2033 1239 2096 dictum
1259 2053 1328 2096 esse
1341 2053 1425 2116 pro·

306 2117 438 2181 iurent:
461 2125 470 2156 ‘
492 2127 548 2181 uot
569 2118 713 2181 homines
734 2126 779 2181 101
801 2117 1000 2180 sententiae'.
1043 2115 1188 2196 Accedit,
1215 2118 1303 2202 quod
1324 2117 1430 2201 scrip·

306 2201 388 2266 toris
411 2141 584 2286 apolopioe
606 2210 737 2264 nostrae
759 2201 937 2266 inimicitia
965 2208 1081 2263 contra
1107 2223 1156 2284 pa
1183 2223 1236 2264 am
1258 2222 1430 2285 omnesque

329 2287 367 2348 ui
382 2285 422 2348 ab
438 2307 472 2348 00
488 2294 614 2348 starent
635 2294 716 2349 certe
738 2307 805 2348 non
827 2286 935 2369 mapis
958 2293 1038 2348 nota
1060 2222 1209 2348 annidies
1221 2283 1307 2368 fuit,
1351 2307 1431 2348 uam

353 2367 495 2450 almani,
523 2371 582 2452 qui
610 2391 643 2432 se
673 2369 903 2432 adversarium
927 2389 1040 2452 papae
1067 2366 1216 2452 epistulis
1246 2369 1292 2432 od
1347 2369 1429 2433 udo-

307 2454 415 2517 vicum
443 2455 586 2518 oomitem
615 2453 735 2535 (1094)
765 2461 794 2514 et
822 2452 868 2516 ad
896 2451 1084 2516 Anselmum
1113 2451 1232 2534 (1098)
1263 2453 1351 2515 datis
1376 2473 1429 2517 esc·

308 2537 424 2601 hibuit.
456 2537 556 2616 Nam,
572 2559 645 2600 cum
663 2536 862 2600 Waltramus
885 2537 925 2600 ab
942 2537 1106 2621 Hartuipe
1121 2538 1219 2600 initio
1235 2538 1320 2600 anni
1335 2536 1428 2602 1091.

308 2622 482 2685 ordinatus
513 2630 547 2684 at
569 2643 608 2684 ue
640 2621 722 2685 liber
754 2622 812 2706 qui
843 2630 890 2684 est
920 2621 958 2685 de
988 2622 1115 2684 unitate
1142 2620 1214 2684 eccl.
1245 2644 1331 2685 cons.
1361 2643 1429 2686 non

309 2715 385 2768 oute
408 2643 644 2770 0000001093.
667 2708 704 2769 in
726 2705 846 2791 culpus
867 2705 973 2770 editus
996 2708 1049 2784 sit,
1072 2713 1153 2768 certe
1175 2727 1242 2769 non
1265 2705 1323 2768 loc
1345 2703 1429 2769 libro

310 2799 368 2853 aut
402 2791 576 2873 scriptoris
607 2789 726 2874 infesto
761 2791 871 2852 animo
903 2789 1095 2872 impeditum
1127 2811 1194 2852 esse
1227 2789 1429 2875 Hartoipum

308 2873 535 2958 intellepimus,
579 2874 733 2936 uominus
755 2875 942 2956 episcopum
966 2873 1145 2936 ordinaret.

393 2957 444 3020 De
473 2959 543 3020 uita
558 2895 743 3020 anltromi
770 2957 918 3039 episcopi
945 2956 1032 3019 nihil
1060 2956 1203 3040 amplius
1236 2965 1347 3020 notum
1373 2965 1430 3036 cst,

330 3041 399 3105 uod
421 3041 466 3105 ad
480 3041 517 3104 id
531 3039 620 3125 quod
641 3061 702 3103 nos
724 3043 924 3126 quaerimus,
946 3063 1025 3103 num
1041 3042 1185 3124 scriptor
1199 3062 1265 3104 esse
1284 3041 1430 3123 potuerit

310 3065 388 3189 lteri
417 3127 531 3206 nostri,
558 3125 744 3208 pertineat;
774 3125 843 3188 nisi
871 3125 930 3188 100
959 3147 1062 3188 unum
1088 3124 1152 3188 luc
1179 3131 1312 3208 spectat,
1342 3123 1431 3207 quod

309 3233 349 3273 su
376 3231 462 3273 remo
490 3210 606 3273 aetatis
636 3231 717 3272 suae
746 3218 805 3271 tem
833 3230 886 3272 ore
914 3208 959 3272 ad
1011 3217 1098 3272 artes
1119 3231 1235 3291 papae
1261 3209 1396 3272 transiit
1405 3217 1429 3270 ².

310 3292 478 3358 Gorifioat
491 3293 598 3356 Deum
619 3292 654 3354 in
675 3315 727 3357 me
749 3231 906 3356 caidolioa
927 3231 1074 3372 00010010,
1097 3291 1248 3376 quoniam
1271 3292 1305 3355 in
1322 3300 1433 3355 nostra

309 3379 486 3442 mutatione
508 3377 635 3440 divinae
657 3375 808 3441 bonitatis
831 3383 967 3524 apparet
987 3377 1101 3460 gratia.
1136 3374 1250 3440 Gratia
1272 3374 1430 3439 Dei‘sum

310 3462 344 3525 id
376 3461 463 3547 quod
495 3483 581 3544 sum;
615 3483 656 3526 ex
685 3459 783 3526 Saule
811 3461 881 3525 Pau
893 3482 946 3542 us3
979 3482 1021 3523 cx
1049 3458 1235 3524 adversario
1267 3461 1431 3524 Romanae

311 3545 467 3610 ecclesiae
492 3547 625 3610 intimus
646 3543 795 3609 Paschali
816 3565 932 3631 papae,
953 3543 1198 3628 acceptissimus
1220 3543 1430 3608 cardinalium

311 3632 579 3713 consecretarius3
602 3639 634 3694 et
655 3631 688 3693 in
710 3627 858 3694 omnibus
884 3628 918 3691 in
944 3627 1005 3690 hac
1027 3636 1118 3712 parte
1140 3649 1314 3715 prosperos
1337 3650 1351 3690 s
1377 3649 1431 3692 ero

311 3735 489 3779 successus,
533 3715 651 3800 Ioseph
673 3715 707 3777 in
728 3713 824 3777 domo
846 3711 1032 3794 Pharaonis,
1063 3733 1124 3796 ego
1149 3714 1183 3777 in
1204 3711 1323 3797 palatio
1346 3650 1431 3775 den·

310 3799 370 3862 rici
396 3800 606 3884 imperatoris.
649 3800 859 3884 Ipnoramus,
889 3819 952 3881 quo
981 3819 1071 3861 anno
1098 3797 1177 3861 laec
1211 3793 1354 3880 epistula
1384 3797 1429 3860 ad
1504 3797 1507 3806 '

311 3882 498 3948 Anselmum
527 3887 628 3948 misso
656 3886 709 3964 sit,
738 3883 795 3946 sed
820 3881 857 3944 id
883 3890 965 3944 certe
993 3890 1129 3962 constat,
1159 3881 1246 3944 lanc
1268 3881 1372 3944 studii
1393 3903 1431 3943 ac

311 3969 488 4032 voluntatis
509 3970 547 4032 in
575 3967 752 4033 Waltramo
775 3967 1064 4046 commutationem,
1091 3966 1186 4029 cuius
1207 3963 1268 4028 illa
1289 3962 1431 4048 epistula

311 4054 401 4117 testis
429 4063 484 4134 est,
515 4076 579 4116 non
606 4060 680 4115 0010
701 4059 831 4114 mortem
855 4049 994 4114 Henrici
1014 4050 1073 4114 IV.
1095 4057 1124 4114 01
1145 4047 1320 4113 concilium
1344 4045 1431 4111 Gua-

314 4256 340 4317 1)
355 4255 429 4376 gisla.
448 4255 548 4376 fpgav.
568 4252 604 4302 ad
623 4268 648 4303 a.
665 4252 743 4313 1096,
764 4251 813 4303 SS.
834 4252 906 4315 XVI,
926 4269 952 4318 p.
967 4250 1031 4302 245.
1106 4249 1134 4314 2)
1156 4251 1185 4304 S.
1203 4247 1325 4300 Anselmi
1344 4247 1433 4314 Opera

312 4344 339 4393 p,
409 4355 443 4363 -
502 4364 509 4377 ,
770 4361 772 4367 .
