3098 4818
281 351 315 400 rs
569 349 692 402 suaso
711 326 762 400 bn
782 331 902 402 sueno
923 350 1115 402 sexomco.

204 535 269 577 1⁰⁷⁷.
280 542 352 583 eum
374 517 503 583 uinculo
527 519 745 582 anathematis
767 517 942 604 alliqastis.
974 519 1015 583 In
1038 519 1090 583 his
1112 517 1261 583 omnibus
1277 526 1408 582 vestrae

278 605 476 688 paternitati
502 625 576 667 cum
603 624 724 688 maqno
743 603 893 687 periculo
918 612 1058 684 nostro¹¹,
1086 605 1171 666 sicut
1192 625 1280 666 nunc
1298 610 1406 686 patet,

281 688 500 768 obedivimus,·
523 695 552 748 et
563 687 644 771 quia
655 687 757 750 eidem
769 687 914 772 deposito
931 688 977 751 ad
983 687 997 729 ¹³
1013 687 1247 771 depositionem
1261 695 1406 749 uestram

280 796 352 836 cum
373 773 485 836 ceteris
507 771 705 835 concordare
726 770 902 852 noluimus,
924 781 1051 835 tantam
1072 773 1109 835 in
1125 771 1238 834 nobis⁰
1260 769 1403 835 crudeli-

278 866 375 920 tatem
397 857 551 935 ercercuit,
574 864 609 918 ut
631 853 855 938 quamplures
870 877 910 918 erc
928 857 1060 936 nostris,
1083 855 1208 918 amissa
1223 855 1311 918 omni
1325 853 1403 918 sub-

279 941 404 1024 stantia
410 988 419 1021 ,
443 941 589 1002 animam
610 940 648 1001 in
670 939 729 1002 hoc
750 941 924 1003 certamine
942 942 1146 1024 posuissent,
1168 949 1197 1002 et
1210 937 1303 1020 filios
1324 959 1403 1002 suos

280 1025 454 1090 enheredcs
476 1033 504 1087 et
526 1045 566 1086 erc
588 1023 746 1087 divitibus
762 1045 931 1106 pauperes
953 1022 1167 1107 reliquissent.
1208 1021 1273 1096 Qui
1295 1031 1405 1086 autem

279 1110 407 1175 residui
428 1117 521 1189 sunt,
543 1109 582 1172 de
604 1109 673 1171 vita
696 1107 826 1172 cottidie
848 1106 990 1189 solliciti,
1012 1109 1100 1172 uitae
1122 1107 1273 1171 subsidia
1292 1128 1403 1190 paene

280 1195 392 1260 omnia
415 1195 603 1257 amiserunt.
647 1190 714 1255 Sed
735 1215 807 1255 cum
834 1191 928 1256 nulla
956 1214 1016 1256 nos
1041 1193 1266 1276 persecutione
1292 1200 1404 1273 posset

280 1277 458 1362 superare,
491 1285 668 1360 superatus
695 1285 740 1337 est
768 1275 837 1356 ide,
870 1286 905 1339 ut
937 1275 1011 1340 licet
1046 1275 1159 1340 nolens
1192 1297 1285 1338 suam
1312 1275 1403 1338 uobis

278 1363 502 1446 praesentiam
531 1360 707 1439 assilierat,
742 1369 770 1423 et
797 1363 827 1424 ei
873 1383 944 1424 uem
973 1361 1201 1440 inhonoravit,
1240 1383 1312 1423 cum
1340 1380 1402 1421 suo

279 1447 433 1510 dedecore
448 1445 601 1508 honorem
615 1444 825 1526 impenderet.
853 1383 924 1508 qPro
940 1467 1002 1529 qao
1024 1444 1135 1508 labore
1150 1444 1234 1508 hunc
1245 1443 1401 1527 fructum

279 1531 469 1613 recepimus,
513 1529 579 1592 uod
593 1528 657 1608 ille,
681 1528 825 1612 quicum
841 1527 992 1612 periculo
1008 1529 1197 1592 animarum
1212 1536 1403 1591 nostrarum

279 1614 419 1699 uestiqia
438 1551 560 1695 pedum
586 1611 788 1676 vestroruud
818 1613 961 1676 adorare
982 1612 1167 1696 compulsus
1189 1621 1250 1692 est,
1281 1610 1401 1694 absque

279 1708 388 1762 nostro
411 1694 549 1760 consilio
578 1706 607 1760 et
628 1697 698 1760 sine
720 1701 914 1763 correctione
944 1695 1124 1776 absolutus,
1154 1696 1200 1759 ad
1220 1695 1402 1759 nocendum

279 1782 373 1847 nobis
395 1780 573 1845 libertatem
594 1785 725 1864 recepit.
761 1782 901 1868 Cumque
915 1783 976 1846 illa
999 1781 1216 1845 anathematis
1240 1779 1401 1843 absolutio

277 1889 340 1950 per
361 1864 530 1949 epistolam
552 1875 691 1930 uestram
712 1866 805 1932 nobis
826 1867 1046 1946 innotesceret,
1068 1865 1107 1928 de
1129 1865 1289 1928 sententia
1304 1865 1403 1948 rcqni

280 1952 422 2036 quaein
445 1972 516 2012 eum
532 1952 694 2032 processit
716 1950 821 2016 nichil
841 1960 999 2014 mutatum
1014 1972 1081 2013 esse
1095 1949 1322 2027 intelleximus,
1344 1949 1402 2011 sed

280 2059 320 2099 ne
342 2057 431 2098 nunc
462 2033 591 2119 quidem
612 2037 643 2098 si
663 2037 788 2098 mutari
809 2037 931 2118 possit,
961 2032 1187 2119 intelli-pimus.
1230 2031 1401 2095 Absolutio

280 2121 366 2183 enim
387 2117 448 2182 illa
469 2121 730 2182 iuramentorum
753 2119 893 2203 qualiter
913 2120 1044 2183 cassari
1063 2120 1177 2202 possit,
1200 2115 1400 2179 nullomodo

275 2204 448 2288 percipere
469 2200 622 2265 ualemus.
655 2201 736 2266 Sine
757 2213 1035 2268 sacramentorum
1058 2211 1164 2266 autem
1180 2199 1400 2265 obseruatione

279 2291 392 2372 reqiae
414 2285 591 2370 diqaitatis
618 2283 763 2370 ffflcium
789 2309 997 2373 nequaquam
1028 2286 1262 2350 administrari
1284 2292 1400 2366 potest.

279 2371 370 2454 Erqo
386 2393 458 2432 cum
479 2371 548 2432 iam
560 2369 649 2432 rdtra
661 2373 746 2434 anni
758 2373 931 2434 terminum
946 2373 1016 2434 sine
1037 2379 1158 2434 rectore
1181 2390 1335 2446 essemus,
1361 2369 1400 2431 in

280 2454 385 2518 locum
424 2452 462 2516 de
503 2475 564 2599 quo
598 2455 857 2538 praevaricatus
895 2464 941 2517 est
977 2454 1047 2535 ille,
1086 2455 1174 2518 alitis
1201 2452 1400 2536 principum

279 2547 464 2602 nostrorum
486 2539 636 2602 coctione
658 2539 856 2624 subroqatus
878 2549 933 2602 est.
964 2537 1105 2623 Cumque
1127 2537 1167 2601 de
1189 2537 1283 2600 electo
1307 2535 1401 2599 nobis

279 2644 366 2708 rcqe,
388 2630 417 2683 ct
438 2644 504 2686 non
526 2620 564 2685 de
586 2623 728 2708 reqibus,
752 2645 826 2706 spes
847 2646 971 2724 maqna
997 2623 1042 2687 ad
1064 2619 1317 2706 spectaculum
1338 2621 1398 2684 im·

275 2708 409 2792 perium
449 2717 687 2788 succresceret,
713 2729 781 2771 ecoe
819 2729 859 2771 cn
897 2715 1068 2790 insperato
1105 2704 1232 2768 litterae
1274 2713 1400 2767 uestrae

281 2792 499 2871 aduenientes,
521 2790 604 2854 duos
626 2793 664 2855 in
687 2813 753 2855 uno
775 2814 877 2877 reqno
899 2813 991 2877 reqes
1010 2791 1249 2874 pronuntiant,
1275 2787 1400 2852 duobus

280 2875 474 2961 leqationem
504 2874 691 2939 decernunt.
742 2873 849 2948 Quam
881 2877 968 2962 reqii
1000 2875 1143 2938 nominis
1169 2870 1400 2956 pluralitatem

280 2969 310 3022 et
331 2958 566 3044 quodammodo
588 2961 685 3044 requi
706 2961 901 3023 divisionem
922 2961 1043 3024 divisio
1070 2979 1194 3043 quoque
1219 2953 1343 3040 populi
1372 2965 1401 3019 et

280 3045 393 3106 studia
421 3043 574 3126 partium
601 3043 770 3107 subsecuta
800 3053 894 3124 sunt,·
929 3047 1052 3128 quippe
1084 3065 1156 3106 cum
1184 3043 1221 3104 in
1254 3038 1400 3123 epistolis

280 3128 396 3190 cestris
426 3125 519 3189 illius
546 3129 833 3208 praevaricatoris
860 3149 1042 3211 personam
1077 3147 1203 3209 semper
1230 3123 1401 3208 praeponi

280 3219 453 3291 cernerent,
477 3219 505 3272 et
528 3210 568 3273 ab
591 3231 626 3273 eo
649 3211 734 3274 sicut
756 3234 778 3274 a
826 3220 927 3276 otente
942 3213 1042 3297 enipi,
1066 3220 1228 3294 quatenus
1243 3208 1398 3272 ducatum

280 3294 370 3359 uobis
403 3296 441 3359 in
474 3294 535 3356 has
563 3303 680 3377 partes
709 3295 755 3357 ad
808 3296 1028 3360 iscutiendam
1056 3317 1193 3359 causam
1216 3291 1399 3378 praeberet.

283 3378 385 3444 Cuius
407 3378 624 3442 discussionis
646 3379 755 3464 qualis
776 3378 892 3443 modus
914 3382 967 3460 sit,
990 3389 1025 3443 ut
1046 3377 1141 3444 salva
1162 3377 1278 3464 qratia
1292 3384 1401 3440 uestra

280 3464 445 3544 dicamus,
474 3461 623 3527 mirabile
645 3473 691 3527 est
718 3464 756 3527 in
779 3463 882 3528 oculis
907 3465 1045 3544 nostris,
1073 3462 1195 3526 scilicet
1220 3469 1256 3525 ut
1285 3462 1313 3524 is
1342 3461 1401 3559 qui

280 3549 349 3610 iam
369 3546 516 3612 sinodali
535 3548 660 3613 iudicio
686 3547 780 3612 nulla
802 3549 991 3612 condicione
1012 3548 1207 3630 interposita
1232 3544 1401 3627 depositus

280 3639 336 3710 est,
359 3630 427 3694 alio
441 3632 479 3694 in
494 3633 629 3697 eandem
645 3632 837 3718 diqnitatem
853 3634 1036 3714 apostolica
1052 3633 1245 3695 auctoritate
1252 3629 1399 3710 firmato,

281 3737 370 3778 nunc
398 3714 529 3780 tandem
558 3716 603 3779 ad
631 3718 793 3780 rationem
818 3726 983 3798 ponatur,
1017 3726 1045 3780 et
1078 3716 1164 3800 qaod
1185 3714 1322 3797 finitum
1352 3721 1398 3774 est

280 3800 388 3863 denuo
408 3798 607 3882 incipiatur,
637 3809 665 3862 et
690 3801 730 3864 de
758 3823 792 3864 re
813 3799 1026 3865 indubitabili
1051 3802 1196 3884 quaestio
1218 3805 1398 3862 moveatur.

281 3883 352 3948 Hoc
378 3904 502 3967 quoque
530 3882 751 3965 infimnitatem
773 3893 919 3948 nostram
940 3894 1058 3964 moret,
1086 3884 1173 3968 quod
1198 3884 1282 3946 siout
1304 3879 1399 3944 nobis

275 3967 513 4052 persuadetur,
540 3977 577 4031 ut
598 3969 634 4031 in
656 3969 784 4052 incepto
797 3966 942 4049 firmiter
962 3969 1197 4053 perduremus,
1228 3967 1277 4030 sic
1299 3965 1397 4028 etiam

280 4053 468 4116 contrariae
486 4053 583 4136 parti
602 4052 708 4116 uerbis
729 4062 759 4116 et
778 4051 874 4116 rebus
897 4075 970 4136 spes
991 4055 1155 4118 innuitur.
1187 4051 1277 4114 Nam
1289 4049 1398 4133 fami-

278 4135 380 4201 liares
385 4139 555 4220 praedicti
562 4137 723 4218 Heinrici,
739 4139 797 4222 qui
809 4137 848 4200 ab
861 4139 950 4202 omni
959 4160 1060 4222 reqno
1071 4136 1217 4220 infamia
1228 4143 1398 4218 notantur,

281 4221 398 4304 quique
436 4219 487 4284 illi
527 4223 611 4285 sicut
649 4225 721 4306 reqi
758 4221 929 4286 serviendo
963 4221 1178 4308 synodalibus
1206 4220 1399 4304 praeceptis

279 4361 303 4416 s)
319 4365 373 4403 deest
391 4366 411 4406 1.
472 4363 602 4416 b)oteest1.
664 4362 742 4416 c)nos
758 4366 779 4407 2.
840 4365 863 4418 d)
880 4371 1010 4408 nostrorum
1028 4370 1047 4408 1.
