3114 4814
291 347 326 399 '18
473 349 523 398 DE
543 347 701 399 UNITATE
721 348 926 399 ECCLESIAE
948 347 1221 399 CONSERVANDA.

290 519 459 600 burgensis
489 515 643 582 ecclesiae
672 518 782 602 episco
806 539 854 598 us,
877 515 1009 580 Altman
1030 515 1230 580 Pataviensis
1252 512 1408 579 ecclesiae

291 602 478 686 episcopus,
515 599 717 666 Adalberdus
749 539 1001 665 iiibrmaciensis
1038 599 1192 664 ecclesiae
1227 600 1409 684 episcopus,

290 683 475 753 Burcardus
503 684 778 750 Helberstatensis
807 685 962 750 ecclesiae
991 685 1098 770 episco
1124 707 1172 767 us,
1201 681 1410 748 Werinherus

290 771 566 856 Merseburgensis
602 769 759 834 ecclesiae
795 792 812 834 e
837 771 978 870 iscopus,
1016 706 1201 834 Guntherus
1239 767 1410 832 Oiticensis

291 853 447 920 ecclesiae
473 855 655 940 episcopus,
684 854 797 918 Benno
855 856 1025 919 ismensis²
1046 852 1202 918 ecclesiae
1225 853 1409 938 episcopus,

291 940 501 1023 Hartwigusb
531 938 757 1004 Wirdunensis
786 938 942 1005 ecclesiae
973 939 1161 1026 episcopus,
1193 937 1410 1000 Horimannus

290 1023 443 1088 Metensis
476 1022 628 1089 ecelesiae
661 1025 844 1110 episcopus,
873 1022 1097 1110 Reginhardus
1129 1023 1209 1088 alter
1235 1021 1413 1086 Mindensis

292 1107 447 1173 ecclesiae
471 1108 654 1194 episcopus,
677 1131 735 1193 per
754 1109 860 1172 studia
882 1111 1022 1194 partium
1044 1107 1319 1186 subintroductus,
1342 1104 1413 1169 Wi-

314 1193 358 1257 olt
386 1191 467 1257 alter
488 1195 656 1276 Augustae
678 1216 695 1257 e
720 1193 786 1256 isco
812 1215 861 1266 us,
882 1215 941 1278 per
962 1191 1068 1257 studia
1089 1194 1230 1278 partium
1252 1191 1410 1256 subintro-

290 1215 418 1358 iuctus,
442 1274 653 1340 Gebehardus
674 1215 754 1340 aiier
805 1278 1030 1342 onstantiensis
1052 1276 1208 1342 ecclesiae
1230 1277 1411 1362 episcopus,

316 1383 350 1426 er
379 1359 485 1424 studia
512 1361 653 1444 partium
682 1359 954 1442 subintroductus,
984 1361 1167 1425 Henrichus
1192 1359 1272 1424 alter
1292 1359 1410 1424 Pader-

291 1383 504 1510 imnnensisv
519 1447 701 1529 episcopus,
716 1465 775 1529 per
790 1444 897 1508 studia
907 1445 1048 1530 partium
1063 1445 1336 1525 subintroductus,
1353 1443 1410 1508 sed

291 1551 333 1593 ne
354 1528 460 1594 adhuc
482 1528 613 1614 quidem
634 1529 788 1593 initiatus.

212 1629 282 1681 (m)
377 1615 428 1679 20.
471 1612 530 1676 Isti
554 1615 594 1678 15
615 1612 832 1698 praeferentes
861 1633 979 1676 nomen
1005 1613 1177 1678 sacerdotii
1198 1635 1294 1699 saepe
1316 1621 1411 1676 antea

292 1697 469 1775 ammoniti,
491 1719 579 1760 nunc
599 1707 708 1762 autem
727 1696 919 1782 regulariter
939 1699 1056 1779 vocati,
1080 1699 1157 1784 quia
1177 1697 1348 1762 noluerunt
1368 1695 1412 1759 ad

291 1803 407 1867 pacem
430 1780 551 1847 Christi
573 1791 604 1846 et
625 1781 778 1847 ecclesiae
800 1782 927 1864 reverti,
950 1804 992 1845 ex
1012 1784 1204 1847 auctoritate
1229 1781 1314 1846 sedis
1336 1800 1411 1864 apo-

292 1865 422 1931 stolicae
439 1873 513 1930 sunt
527 1867 643 1932 deiecti
665 1877 761 1954 atque
777 1866 919 1930 damnati
929 1878 954 1948 ¹3
971 1867 1067 1951 quod,
1090 1868 1173 1931 sieut
1188 1865 1300 1930 scribit
1316 1864 1411 1930 Gela·

292 1951 378 2014 ΒίὶΙΒ1
400 1973 496 2037 papa,
522 1985 577 2018 non
596 1968 680 2017 solnm
693 1967 818 2032 praesuli
837 1965 978 2032 apostolico
991 1966 1086 2033 facere
1105 1965 1172 2030 iicet,
1199 1967 1246 2017 scd
1264 1965 1411 2031 cuicunque

288 2039 409 2108 pontifici
428 2041 493 2104 iicet,
512 2041 650 2106 quemlibet
665 2041 749 2091 locam
762 2041 881 2092 hereseos
894 2040 1037 2090 secandam
1049 2041 1169 2107 rapulam
1188 2049 1249 2090 ente
1267 2040 1411 2090 damnatas

292 2143 310 2175 o
323 2123 453 2176 catholiea
466 2123 645 2175 communione
657 2124 815 2175 discerncre.
846 2107 966 2191 Magna
984 2106 1115 2192 quidem
1133 2107 1254 2172 heresis
1272 2117 1330 2188 est,
1346 2107 1410 2170 Dei

291 2194 440 2256 resistere
461 2191 665 2272 ordinationi,
688 2191 778 2254 cuius
800 2191 898 2254 solius
920 2200 969 2255 est
988 2200 1131 2276 potestas
1154 2191 1252 2256 dandi
1272 2191 1411 2276 imperii,

292 2282 339 2347 qai
364 2282 412 2332 ciat
428 2279 586 2348 felicitatem
609 2281 638 2330 ia
660 2297 741 2347 reparo
760 2282 892 2332 esebearn
910 2281 972 2332 solis
986 2279 1050 2348 piis,
1070 2299 1179 2348 caynam
1197 2299 1260 2334 acro
1278 2287 1411 2332 terrenam

293 2361 318 2406 et
337 2352 393 2420 piis
418 2362 442 2406 et
467 2351 563 2418 impiis,
590 2353 656 2404 sicat
679 2353 704 2405 oi
723 2355 820 2419 piacet,
845 2354 889 2406 oni
913 2354 983 2406 nibil
1007 2355 1104 2407 iniuste
1123 2356 1220 2422 placet.
1260 2355 1313 2416 Qui
1332 2353 1408 2416 enim,

292 2423 398 2508 inquit
418 2422 648 2505 Augustinus³,
670 2453 780 2504 requam
798 2436 871 2488 dedit
889 2437 988 2501 Mario,
1013 2437 1070 2504 ipse
1095 2446 1120 2490 et
1138 2438 1200 2490 Oaio
1221 2437 1338 2502 Caesari,
1365 2435 1411 2504 qui

293 2509 422 2578 Aspasto,
441 2509 498 2576 ipse
517 2516 541 2562 ct
560 2509 671 2574 Neroni,
689 2511 736 2576 qui
761 2509 929 2576 Vespasianis
952 2513 995 2562 ccl
1008 2510 1084 2578 patri
1102 2513 1145 2563 vei
1155 2513 1224 2578 filio,
1243 2509 1410 2563 suavissimis

292 2585 505 2652 inperatoribus,
530 2583 586 2650 ipse
612 2589 636 2636 ct
659 2584 813 2635 Domitiano
837 2582 1027 2652 crudelissimo,
1053 2594 1076 2637 et
1099 2603 1131 2636 ne
1152 2603 1205 2652 per
1228 2586 1345 2652 sincalos
1369 2583 1409 2636 ire

292 2685 395 2720 necesse
414 2666 457 2731 sit,
476 2667 523 2733 qui
541 2667 711 2718 Constantino
731 2667 883 2732 christiam,
902 2669 958 2734 ipsc
973 2677 1111 2735 apostatae
1126 2668 1245 2721 Iuliano.
1280 2652 1410 2737 Magna,

292 2737 436 2822 inquam,
464 2736 585 2800 heresis
608 2747 666 2816 est,
687 2735 750 2799 Dei
773 2735 968 2800 ordinationi
989 2736 1146 2818 resistere,
1176 2735 1262 2822 quod
1284 2746 1410 2802 constat

293 2821 529 2906 suprascriptos
545 2821 585 2884 15
624 2819 893 2918 seudoepiscopos
910 2820 1036 2902 fecisse,
1059 2819 1135 2884 dum
1157 2820 1320 2884 destruere
1334 2821 1411 2884 nite·

293 2903 411 2968 bantur
436 2927 573 2990 regnum
636 2903 758 2968 enrichr
786 2905 872 2988 regis
901 2927 922 2969 a
947 2905 1020 2968 Deo
1048 2904 1110 2968 sibi
1142 2903 1303 2986 collatum,
1336 2907 1412 2970 resi-

294 2989 407 3053 stendo
434 2989 464 3052 ei
490 2999 587 3074 atque
616 2987 825 3074 repugnando
847 3011 950 3075 usque
972 2989 1013 3052 ad
1035 2989 1224 3054 effusionem
1248 2991 1412 3074 sanguinis

293 3072 466 3136 multorum
498 3072 672 3134 hominurn.
726 3071 780 3134 Ex
812 3071 872 3137 hac
905 3072 1125 3138 erudelissima
1156 3071 1261 3139 heresi
1293 3073 1412 3138 multae

293 3156 421 3221 hereses
443 3167 474 3220 et
489 3157 640 3220 scismata
655 3167 860 3240 emerserunt,
881 3168 918 3222 ut
939 3180 1000 3222 nec
1022 3158 1149 3223 divinae
1170 3181 1230 3222 nee
1253 3158 1411 3224 humanae

292 3239 381 3326 leges
398 3241 570 3328 quicquam
592 3262 678 3304 nunc
698 3239 826 3306 valeant
847 3243 935 3328 apud
955 3242 1027 3306 iilos
1048 3242 1100 3308 vel
1122 3251 1231 3306 contra
1253 3242 1334 3327 illos,
1355 3243 1410 3330 qui

292 3325 402 3412 inique
424 3334 533 3412 agunt,
561 3325 626 3411 qui,
649 3323 726 3388 dum
755 3348 915 3413 nusquam
943 3349 1008 3392 non
1037 3349 1159 3394 errasse
1181 3335 1408 3408 monstrantur,

293 3411 489 3475 sacrosancti
517 3432 587 3474 esse
614 3408 702 3494 apud
734 3431 808 3475 suos
835 3410 1067 3495 describuntur,
1098 3435 1118 3476 a
1142 3412 1187 3476 ud
1219 3434 1299 3498 quos
1328 3411 1409 3476 nihil

197 3501 200 3514 '
293 3496 395 3560 sancti
421 3493 473 3560 vel
500 3495 583 3560 sacri
609 3493 797 3561 inviolatum
819 3504 955 3561 tenetur.
998 3434 1182 3562 Praevaiuit
1203 3497 1300 3562 etiam
1316 3495 1409 3582 apud

292 3667 315 3720 a)
331 3669 466 3710 Misinensis
483 3671 503 3710 1.
563 3667 588 3720 b)
604 3669 746 3718 Hartvingns
764 3672 783 3712 1.
844 3668 865 3719 c)
881 3669 938 3711 Poe.
957 3672 977 3712 1.

294 3802 320 3864 1)
346 3802 398 3864 Qui
417 3802 540 3868 episcopi
564 3804 592 3852 in
617 3802 692 3854 locos
719 3803 904 3854 damnatorum
929 3805 1003 3855 iussu
1028 3805 1196 3870 imperatoris
1219 3803 1408 3868 successerint,

291 3875 454 3926 Waltrsmus
473 3891 527 3926 non
541 3881 743 3928 commemorat.
770 3877 824 3928 Sed
838 3877 985 3928 secundum
999 3877 1084 3930 Gesta
1096 3879 1157 3930 abb.
1171 3875 1288 3928 Trudon.
1301 3875 1363 3941 (SS.
1374 3877 1410 3940 X,

291 3966 317 4016 p.
340 3946 405 4014 240)
426 3948 512 4000 Gualo
532 3950 640 4014 quidam
661 3951 826 4002 Horimanno
846 3952 974 4003 Mettensi
993 3953 1133 4015 successit,
1153 3951 1289 4002 inlocum
1302 3951 1409 4002 Weriu·

290 4023 349 4074 heri
367 4021 484 4074 Merssb.
503 4023 579 4074 veuit
596 4023 674 4090 Eppo
694 4021 770 4090 (Chr.
790 4040 851 4092 epp.
870 4025 997 4088 Merseb,
1017 4025 1067 4076 SS.
1083 4027 1117 4085 X,
1136 4023 1253 4092 plat),
1271 4023 1409 4075 inlocum

289 4096 430 4148 Altmauui
446 4096 540 4149 Patav.
559 4098 634 4148 venit
652 4098 841 4161 Horimannus,
866 4098 948 4149 frater
967 4099 1043 4150 ducis
1062 4098 1183 4150 Liutoldi
1209 4098 1252 4161 (V.
1272 4098 1409 4150 hltmauni

291 4185 314 4223 c.
336 4171 379 4233 15,
405 4169 453 4221 SS.
473 4170 536 4234 XII,
561 4188 588 4238 p.
611 4170 687 4236 234).
724 4172 837 4222 Nomina
861 4171 974 4222 aliorum
997 4175 1026 4222 in
1047 4172 1117 4224 Anu.
1138 4173 1255 4224 Wiraeb.
1282 4173 1357 4222 etin
1375 4171 1410 4224 V.

291 4243 445 4294 Gebehardi
463 4259 536 4295 succ.
551 4259 575 4295 c.
587 4245 613 4296 8.
626 4246 785 4297 invenimus.
844 4243 1066 4312 a)Mansiv111,
1083 4246 1165 4312 p.17.
1221 4245 1250 4310 3)
1265 4246 1305 4298 Oi.
1318 4247 1409 4311 Augu·

289 4316 353 4366 stiui
371 4316 461 4384 Opera
479 4316 542 4378 VII,
561 4335 587 4384 p.
609 4317 671 4370 138.
