3098 4818
297 349 332 400 48
590 349 710 400 BRUNO
729 349 778 398 DE
798 347 916 398 BELLO
937 346 1123 398 SAXONICO.

221 515 523 582 mesecclesiasticis
545 517 655 580 causis
677 524 792 579 contra
814 517 1008 580 canonicam
1029 517 1211 580 iustitiam⁸
1239 525 1269 579 et
1290 524 1417 580 decreta

296 609 483 664 sanctornm
511 609 645 684 patrum
662 599 796 684 factum
818 608 910 679 esset,
943 608 1057 663 nostra
1088 599 1270 685 apostolica
1298 601 1414 684 provi-

296 685 409 748 dentia
431 693 459 747 et
475 685 667 748 auctoritate
681 686 845 769 corripere
867 683 1066 746 studeremus
1072 707 1085 764 ;
1108 695 1142 747 at
1165 707 1204 747 ue
1218 687 1255 748 in
1270 706 1305 747 eo
1320 705 1416 747 suam

296 767 388 832 nobis
404 791 469 852 per
490 770 602 832 omnia
624 767 850 846 obedientiam,
872 788 1064 830 consensum
1079 777 1108 832 et
1152 767 1240 832 deleb
1258 769 1415 851 promisit

296 853 508 916 adiutorium.
553 852 623 915 Hoc
644 852 731 915 idem
752 852 849 914 etiam
867 859 982 934 postea
1012 875 1033 914 a
1055 851 1299 935 confratribns⁰
1321 861 1350 914 et
1370 851 1414 914 le-

295 936 384 1021 patis
412 937 548 1016 nostris,
577 935 753 999 Humberto
781 935 995 998 Praenestino
1025 937 1192 1020 episcopo,
1215 945 1244 999 et
1270 934 1415 998 Geraldo

301 1019 444 1082 Ostiensi
465 1021 626 1104 episcopo,
650 1041 728 1104 quos
751 1019 798 1082 od
818 1017 911 1083 illum
932 1020 1091 1098 misimus,
1115 1019 1161 1082 ad
1176 1021 1415 1104 poenitentiam

295 1113 481 1190 susceptus,
508 1107 544 1168 in
574 1101 706 1167 illorum
731 1125 850 1166 manus
870 1125 937 1187 per
959 1113 1110 1166 sacratas
1139 1101 1239 1168 stolas
1269 1125 1351 1188 quas
1376 1104 1415 1166 in

296 1185 375 1252 collo
398 1188 557 1267 tenebant,
578 1187 830 1272 repromittendo
854 1185 1068 1266 confirmavit.
1110 1187 1239 1251 Deinde
1255 1195 1333 1272 post
1355 1186 1416 1249 ali-

297 1271 382 1357 quod
409 1271 553 1356 tempusd
582 1273 748 1336 commisso
776 1293 848 1334 cum
875 1269 1066 1334 Senonibus
1090 1271 1236 1354 proelio,
1266 1293 1325 1333 ren
1348 1293 1415 1354 pro

296 1357 437 1422 victoria
459 1377 556 1441 quam
578 1356 718 1439 adeptas
740 1363 795 1434 est,
817 1353 897 1417 tales
919 1354 990 1418 Deo
1012 1363 1122 1440 protes
1143 1365 1172 1418 et
1192 1356 1340 1418 victimas
1362 1353 1414 1417 ob-

297 1439 388 1518 tulit,
418 1449 455 1501 ut
483 1447 557 1502 uota
590 1461 673 1538 puae
704 1438 743 1501 de
770 1438 993 1501 emendatione
1020 1461 1084 1501 sua
1102 1437 1235 1522 fecerat
1260 1439 1415 1503 continuo

289 1522 482 1607 franperet,
509 1531 539 1584 et
560 1522 662 1585 mabil
684 1543 795 1584 eornm
822 1543 905 1667 {uae
927 1525 1128 1605 promiserat
1154 1522 1336 1602 attendens,
1364 1544 1417 1584 erc-

298 1607 550 1670 communicatos
571 1608 608 1669 in
630 1627 724 1668 suam
737 1604 831 1688 fami
843 1606 1008 1669 imitatem
1034 1615 1062 1669 et
1085 1607 1338 1670 communionem
1365 1628 1416 1668 re·

298 1691 434 1774 ciperet,
464 1699 492 1753 et
514 1689 666 1753 ecclesias
687 1691 724 1752 in
745 1712 817 1752 eam
860 1712 937 1752 reum
959 1699 1170 1752 consueuerat
1191 1689 1416 1773 confusionem

298 1774 447 1837 traheret.
485 1770 560 1846 Qua
575 1773 613 1838 de
635 1797 670 1837 re
684 1775 784 1858 pravi
802 1711 912 1837 dolore
923 1775 1083 1857 percussi,
1106 1786 1322 1860 quamquam
1340 1782 1416 1856 post

299 1855 478 1941 contempta
495 1857 649 1921 coelestis
677 1880 711 1921 re
736 1859 765 1920 is
794 1856 950 1938 beneficia
973 1879 1082 1942 paene
1108 1859 1215 1922 omnis
1243 1878 1415 1942 spescor-

297 1943 450 2005 rectionis
471 1944 540 2006 eius
569 1941 661 2005 nobis
685 1879 795 2004 ablata
825 1943 882 2020 sit,
912 1941 1021 2005 adbuc
1043 1951 1149 2004 tamen
1180 1942 1326 2005 animum
1348 1942 1418 2004 eius

298 2026 519 2110 temptandum
530 2023 611 2109 sore
633 2025 841 2107 decrevimus,
863 2028 970 2110 maqis
985 2027 1148 2109 cupientes
1170 2048 1241 2088 eum
1260 2024 1415 2110 apostoli-

299 2133 370 2173 cam
401 2109 685 2172 mansuetudinem
725 2110 857 2190 audire,
895 2131 993 2193 quam
1025 2110 1173 2193 cooperiri
1207 2112 1414 2196 seueritatem.

298 2193 414 2292 Itaque
442 2194 588 2256 misimus
618 2193 648 2256 ei
677 2192 831 2276 epistolas
860 2195 1139 2273 commonitoriae,
1173 2202 1209 2256 ut
1237 2194 1417 2257 meminerit

299 2278 381 2360 qued
410 2286 438 2338 et
460 2278 515 2340 cui
540 2277 744 2361 promiserit,
774 2299 814 2339 ne
844 2276 956 2340 credat
981 2299 1014 2340 se
1036 2299 1134 2360 posse
1152 2275 1276 2360 fallere
1298 2277 1415 2358 Deum,

299 2362 394 2424 cuius
417 2368 538 2445 quauta
550 2360 719 2444 prolinior
733 2369 779 2424 est
796 2363 973 2444 patientia,
995 2370 1085 2424 tanto
1108 2362 1249 2425 seuerior
1266 2369 1320 2441 est,
1344 2383 1416 2424 cum

298 2444 450 2508 iudicare
472 2445 620 2528 coeperit,
642 2445 718 2525 ira,·
742 2467 806 2507 neu
827 2445 999 2508 inhonoret
1013 2445 1119 2508 Deum
1142 2444 1353 2508 honorantem
1374 2467 1417 2527 se,

299 2527 375 2591 necr
404 2529 585 2611 potentiam
615 2550 710 2592 suam
738 2529 783 2591 ad
811 2528 877 2593 Dei
905 2537 1119 2613 contemptum
1148 2537 1177 2590 et
1205 2528 1416 2613 apostolicam

301 2620 427 2696 temptet
456 2612 625 2676 ertendere
647 2611 886 2691 contumeliam,
915 2614 1021 2676 sciens
1048 2613 1134 2697 quod
1156 2613 1305 2696 superbis
1326 2612 1418 2676 Deus

243 2700 291 2740 ⁶¹⁶⁶·
301 2697 436 2778 resistit,
466 2695 641 2760 humilibus
664 2705 770 2759 autem
792 2696 850 2758 dat
870 2698 1025 2780 qratiam.
1068 2697 1243 2759 Praeterea
1270 2698 1418 2760 misimus

233 2759 255 2810 ⁴’
271 2757 347 2843 ⁶'ad
368 2802 439 2843 eum
461 2789 525 2844 tres
546 2780 715 2866 relipiosos
736 2783 841 2862 viros,
871 2802 948 2842 suos
969 2782 1079 2864 ulique
1093 2779 1225 2861 fideles,
1250 2802 1316 2866 per
1338 2803 1418 2866 quos

301 2887 372 2927 eum
393 2873 511 2929 secreto
533 2866 728 2944 monuimus,
750 2873 786 2927 ut
802 2865 1040 2947 poenitentiam
1057 2889 1078 2927 a
1103 2873 1168 2927 eret
1188 2865 1227 2928 de
1244 2864 1417 2928 sceleribus

300 2948 380 3026 suis,
403 2970 486 3032 quae
502 2949 631 3033 quidem
653 2948 819 3011 torrenda
835 2947 1024 3026 dictasunt,
1041 2887 1201 3032 pileribus
1218 2957 1321 3012 antem
1339 2957 1417 3012 nota

300 3041 329 3094 et
350 3032 385 3094 in
407 3032 516 3095 multis
535 3032 689 3114 partibus
711 3031 903 3116 diuulpata;
920 3040 1059 3115 propter
1081 3055 1163 3118 quae
1178 3054 1251 3094 eum
1272 3054 1339 3095 non
1361 3053 1416 3094 en-

301 3117 535 3179 communicari
556 3114 658 3178 solnm
673 3137 775 3198 usque
798 3116 843 3178 ad
858 3114 1056 3200 condiqnam
1071 3113 1339 3199 satisfactionem,
1361 3116 1419 3180 sed

302 3199 342 3262 ab
372 3201 461 3262 omni
493 3200 614 3262 bonore
647 3200 743 3283 repni
775 3199 893 3283 absque
925 3221 981 3284 spe
1013 3201 1274 3284 recuperationis
1306 3200 1417 3262 debere

300 3283 444 3365 destitui,
466 3283 658 3348 divinarum
673 3293 701 3346 et
716 3283 935 3346 bumanorum
950 3283 1056 3368 lequm
1071 3292 1208 3347 testatur
1226 3285 1416 3351 auctoritas.

300 3367 462 3432 Postremo
477 3367 546 3430 nisi
560 3369 852 3431 encommunicatos
868 3391 889 3430 a
904 3389 967 3430 sua
976 3369 1238 3451 participatione
1249 3367 1417 3448 diuideret,

301 3473 360 3516 nos
381 3451 485 3517 nicbil
507 3450 602 3515 aliud
624 3451 663 3515 de
685 3474 720 3515 eo
742 3452 893 3515 iudicare
916 3461 975 3513 aut
996 3451 1187 3516 decerneret
1211 3473 1327 3536 posse,
1350 3453 1418 3515 nisi

301 3544 337 3598 ut
365 3545 540 3621 separatus
570 3535 610 3599 ab
644 3533 776 3600 ecclesio
807 3537 844 3598 in
876 3537 1223 3600 excommunicatorum
1255 3536 1417 3599 consortio

290 3617 398 3702 foret,
428 3642 500 3683 cnm
530 3619 647 3705 quibus
675 3619 767 3704 ipseh
792 3620 1022 3702 potiusquam
1046 3642 1118 3682 cum
1143 3617 1269 3684 Christo
1288 3629 1418 3702 partem

301 3701 417 3766 babere
446 3703 548 3788 clepit.
593 3701 683 3766 Sane
711 3704 741 3766 si
769 3711 883 3766 nostra
907 3704 1034 3766 monita
1062 3704 1227 3787 suscipere
1256 3712 1285 3765 et
1316 3705 1419 3766 uitam

301 3809 396 3850 suam
426 3788 589 3871 corripere
618 3785 724 3868 vellet,
755 3787 861 3849 Deum
888 3794 995 3850 testem
1023 3787 1249 3851 invocavimus
1275 3795 1304 3850 et
1325 3789 1417 3850 invo-

301 3892 427 3950 camus,
451 3877 609 3955 quantum
639 3891 698 3933 nos
721 3869 759 3934 de
781 3871 851 3934 eius
877 3868 979 3933 salute
1000 3879 1029 3934 et
1049 3871 1169 3936 bonore
1190 3871 1418 3956 panderemus,

300 3963 329 4018 et
351 3978 423 4018 cnm
445 3963 572 4038 quanta
594 3955 731 4016 caritate
758 3977 829 4017 eum
856 3955 892 4016 in
920 3956 1080 4039 premium
1107 3963 1241 4018 sanctae
1266 3953 1418 4018 ecclesiae

301 4037 581 4123 amplecteremur,
607 4046 715 4121 utpote
737 4060 809 4101 eum
831 4039 889 4122 qui
903 4040 1066 4123 princeps
1084 4037 1206 4124 populi
1227 4041 1420 4103 constitutus

300 4137 327 4186 et
350 4122 545 4208 amplissimi
565 4123 662 4208 repni
682 4119 907 4208 pubernacula
929 4131 1049 4203 tenens,
1075 4121 1252 4186 catholicoe
1268 4124 1368 4206 pacis
1390 4131 1421 4187 et

300 4235 323 4288 a)
346 4238 401 4277 deest
423 4241 444 4278 2,
481 4239 576 4278 Perseius
591 4238 662 4278 nescio
684 4249 729 4288 qua
744 4239 769 4277 de
784 4249 851 4278 cauea
870 4237 956 4288 scripsit
972 4239 1151 4280 institutionem.
1217 4236 1241 4290 b)
1264 4237 1376 4288 profldele
1398 4239 1420 4277 1.

301 4293 322 4346 c)
338 4295 447 4336 tratribus
469 4300 489 4336 1.
505 4298 533 4338 H.
595 4295 618 4348 d)
634 4297 691 4336 deest
706 4297 727 4338 ἱ.
789 4295 811 4347 e)
828 4298 934 4346 quamve·
950 4297 971 4339 2.
1032 4297 1113 4348 oneu
1137 4299 1158 4338 2.
1176 4297 1203 4337 Η,
1265 4297 1289 4349 g)
1304 4297 1336 4337 tra
1351 4296 1376 4336 P.
1393 4297 1424 4336 B.

301 4354 433 4395 discernere
451 4358 475 4405 13
491 4366 510 4396 ι
529 4356 551 4395 d.
568 4356 644 4395 derum
661 4357 681 4396 Β.
743 4355 768 4406 h)
784 4356 840 4395 dem
858 4358 877 4396 1.
