3114 4814
337 354 387 411 DE
405 353 563 404 UNITATE
583 353 788 406 accusante
809 354 1084 410 consueveritis.
1135 409 1139 416 ,
1247 359 1283 410 et

159 541 239 599 atquc
259 531 370 594 suadeo,
395 534 425 578 ut
444 529 478 582 ab
497 527 592 580 illicito
611 543 638 580 ee
657 527 768 595 quisque
791 529 972 582 communione
995 531 1142 597 suspendat
1166 541 1191 584 et
1215 549 1281 599 quoe

157 605 304 674 apostolico
321 605 396 656 sedes
415 605 445 654 in
463 603 592 655 coruortio
612 601 801 654 communionis
821 619 886 655 euoe
903 620 958 654 nou
972 604 1064 670 recurat
1083 605 1188 656 omuino
1207 609 1281 672 refu

153 680 224 748 piat,
242 697 275 734 ue
293 679 357 730 iude
375 695 437 730 reue
457 685 518 728 onte
533 682 698 742 conspectum
712 675 813 728 oeterni
825 675 937 739 Iudicis,
957 677 1029 728 tunde
1042 685 1150 744 poterut
1168 679 1281 746 salvari,

156 763 290 818 consistat.
321 747 428 812 Idem¹
446 745 611 809 Ianuario
634 746 787 828 episcopo
803 741 1005 810 Sardiniae:
1028 759 1077 812 aa
1096 777 1157 812 cero
1181 762 1228 829 qui
1247 764 1280 820 ob

156 837 335 890 ecclesiactica
354 833 533 888 communione
553 842 615 885 sunt
633 833 755 900 ruspensi
772 835 864 885 nutius
881 834 1020 902 rctipiosur
1038 836 1182 887 secundum
1202 855 1281 890 cono-

155 925 224 962 num
239 919 385 978 praecepto
402 909 538 975 iunpotur,
564 909 611 959 sed
628 923 676 960 nec
695 907 749 958 iltis
768 909 1014 960 communicandum
1036 915 1074 960 cst
1098 910 1145 974 qui
1167 927 1280 962 commu·

154 993 250 1044 nuans
268 991 509 1044 eccomnuuicous.
541 975 718 1040 Gelasius²
741 985 856 1039 contro
868 975 1028 1060 fautores
1049 975 1180 1041 Acatii:
1204 993 1282 1046 Ntttl

154 1065 234 1118 nobie
263 1081 397 1116 commune
425 1081 483 1116 cunt
507 1065 657 1117 bominibus
682 1065 872 1117 commeationis
897 1075 1098 1130 antaradenae
1119 1067 1281 1132 praetendat

155 1141 314 1206 quiequam,
348 1138 419 1206 quod
454 1139 535 1190 alicui
559 1137 680 1205 forsitan
717 1137 873 1191 evidentiori
903 1157 963 1203 non,
989 1138 1203 1205 communicasset
1239 1141 1282 1192 uel

158 1212 350 1266 commonicare
377 1212 502 1264 uideatur
529 1213 648 1264 heretico.
689 1211 762 1274 Quid
790 1211 859 1264 enim
886 1213 970 1274 iuvat,
996 1213 1020 1264 si
1047 1211 1088 1262 itti
1111 1218 1186 1264 non&
1211 1231 1279 1265 corn-

154 1287 279 1352 nuuricet,
308 1295 332 1338 et
359 1285 400 1336 bis
428 1291 517 1336 tamen
545 1286 724 1338 communione
748 1287 884 1352 iouiyotur,
910 1287 958 1351 qui
982 1286 1016 1336 ob
1040 1285 1113 1336 illius
1138 1303 1193 1336 non
1217 1295 1282 1338 sunt

157 1359 338 1412 communione
368 1357 488 1410 diuortii
528 1359 601 1422 Quid
626 1360 747 1426 profuit,
776 1360 847 1424 quod
876 1359 964 1412 uideri
990 1359 1094 1412 uolebat
1120 1357 1161 1410 tui
1183 1361 1279 1426 potera

154 1459 212 1493 uon
238 1440 439 1506 communicare,
465 1441 509 1492 cui
532 1459 584 1508 per
612 1459 674 1494 suos
702 1441 838 1508 complicet
865 1439 1036 1494 nectebatur?
1086 1424 1178 1490 Haec
1210 1428 1279 1513 qui·

156 1509 229 1589 dem
273 1519 457 1574 sanctorum
495 1517 622 1594 patrum
663 1510 846 1574 testimonia
880 1509 1105 1596 amplectimur
1141 1531 1179 1574 ea
1215 1532 1279 1598 qua

155 1591 290 1678 dignum
322 1605 372 1659 est
399 1595 618 1676 veneratione,
650 1594 706 1659 sed
735 1595 870 1658 nimium
899 1595 1099 1680 nimiumque
1127 1615 1192 1658 non
1221 1618 1278 1660 ex-

179 1679 360 1742 avescimus
400 1700 440 1742 ea
478 1699 537 1763 pro
577 1677 673 1744 huius
712 1679 866 1763 temporis
910 1677 1113 1762 confusione,
1149 1681 1278 1764 quando

154 1700 371 1832 lereucorum
406 1759 504 1826 simul
545 1761 837 1848 catholicorumque
882 1763 1081 1827 confessione
1123 1765 1279 1847 permista

154 1856 273 1910 cuncta
302 1867 398 1912 verae
425 1856 458 1910 et
483 1867 638 1930 syncerae
664 1845 829 1930 religionis
855 1847 1024 1912 turbantur
1056 1845 1278 1934 catholicaque

155 1939 188 2008 et
220 1929 397 2016 apostolica
429 1932 553 2016 puritas
585 1930 799 1996 confunditur.
854 1929 942 1996 Ecce
978 1931 1064 1993 enim
1098 1929 1278 2016 Hartvigus

153 2013 465 2100 Magadaburgensis
487 2016 667 2102 episcopus,
692 2016 748 2102 qui
768 2013 867 2080 semel
889 2036 928 2080 ac
950 2013 1091 2078 secundo
1107 2013 1277 2080 damnatus

155 2107 213 2178 est,
237 2099 321 2164 sicut
341 2121 418 2164 vere
439 2121 539 2185 supra
560 2099 713 2182 diximus,
735 2101 805 2186 ipse
819 2099 934 2164 videns
956 2099 1076 2164 diutius
1098 2121 1161 2164 non
1180 2121 1277 2199 posse

154 2191 268 2262 contra
288 2185 515 2268 imperatorem
538 2185 759 2270 episcopatum
782 2207 875 2248 suum
897 2183 1108 2269 repugnando
1132 2182 1277 2248 sib1vin-

154 2267 274 2350 dicare,
303 2267 474 2332 simulabat
500 2290 574 2333 cum
596 2290 634 2333 eo
656 2279 787 2355 pactum
808 2269 897 2354 pacis
919 2267 1024 2333 facere
1046 2276 1078 2332 et
1099 2267 1277 2354 supplicem

155 2373 190 2416 se
216 2374 256 2416 ac
284 2351 436 2416 devotum
458 2351 489 2418 ei
511 2352 663 2436 offerre³3
688 2353 744 2439 qui
766 2355 872 2434 etiam,
895 2352 935 2416 ut'
952 2350 1078 2416 facilius
1100 2353 1277 2438 promereri
1286 2379 1351 2423 roes.

153 2437 501 2522 possetepiseopatum
523 2437 565 2502 ab
579 2437 783 2523 imperatore,
830 2437 1023 2518 remittebat,
1042 2447 1175 2501 cunctos
1191 2438 1277 2522 prin-

155 2521 186 2584 ci
211 2543 256 2602 es,
286 2521 343 2606 qui
370 2520 477 2586 adhuc
505 2530 611 2585 essent
641 2541 714 2584 cum
736 2543 773 2586 eo
797 2460 971 2603 discordes,
993 2521 1185 2605 ingratiam
1207 2522 1276 2585 eius

154 2543 318 2670 reducere.
362 2603 407 2669 At
428 2605 612 2690 imperator,
636 2627 713 2691 prae
742 2605 842 2668 nimio
873 2627 981 2668 amore
1004 2606 1094 2690 pacis
1115 2627 1181 2668 non
1203 2626 1276 2670 con-

154 2688 321 2774 syderans,
344 2689 422 2776 quia
442 2687 535 2775 lupos
557 2690 590 2752 in
607 2689 689 2754 ovile
704 2690 813 2753 ovium
835 2689 1045 2754 intromittere
1064 2689 1126 2752 hoc
1147 2708 1213 2752 non
1235 2689 1278 2754 sit

154 2773 352 2839 consuluisse
385 2771 542 2838 ecclesiae
574 2771 626 2838 vel
654 2773 701 2838 rei
727 2771 886 2858 publicae,
917 2773 1058 2858 acceptis
1090 2773 1277 2838 iuramentis

153 2879 251 2943 super
278 2859 456 2944 promissae
481 2857 558 2922 fidei
579 2857 739 2940 firmitate,
760 2857 901 2924 reddidit
922 2857 951 2922 ei
971 2857 1089 2920 iniuste
1112 2858 1276 2942 episcopa-

153 2952 223 3022 tum
250 2941 373 3029 absque
402 2940 550 3028 synodali
577 2943 789 3008 conventione
811 2953 844 3008 et
864 2941 987 3027 absque
1009 2962 1169 3006 consensu
1190 2940 1276 3006 sedis

152 3025 359 3111 apostolicae,
389 3025 475 3112 quod
503 3025 626 3092 iactum
655 3037 705 3091 est
732 3035 845 3113 quarto
874 3047 959 3090 anno
988 3034 1160 3112 postquam
1192 3027 1276 3091 iuste

153 3109 321 3196 depositus
349 3119 400 3175 est
431 3109 577 3196 synodali
610 3111 740 3176 iudicio.
784 3111 869 3174 Tum
902 3131 978 3176 vero
1011 3109 1065 3174 ille
1096 3109 1278 3195 Hartvigus

153 3205 269 3259 nactus
301 3196 514 3278 occasionem,
548 3217 613 3282 qua
643 3206 754 3281 posset
781 3195 900 3261 habere
928 3193 1067 3259 liberum
1096 3194 1171 3258 hinc
1199 3193 1276 3259 inde

152 3279 318 3360 introitum
340 3279 436 3343 simul
456 3289 489 3344 et
503 3281 637 3360 exitum,
659 3282 767 3366 eoepit
787 3280 892 3345 redire
914 3279 954 3343 ad
971 3287 1142 3343 consuetae
1163 3277 1276 3342 factio-

152 3364 202 3426 nis
218 3363 397 3428 exercitum
419 3372 451 3428 et
464 3362 633 3429 traducere
648 3365 818 3451 episcopos
841 3373 873 3428 et
886 3364 1049 3450 principes
1065 3363 1164 3426 totius
1183 3362 1276 3446 regni

153 3445 196 3511 ad
216 3457 342 3533 partem
364 3449 415 3512 sui
435 3469 540 3534 papae
563 3447 723 3534 Gregorii,
751 3459 782 3514 et
803 3459 840 3514 ut
866 3449 991 3513 auctius
1012 3447 1217 3512 resuscitaret
1237 3465 1276 3510 ec

154 3643 178 3697 a)
194 3646 250 3686 deut
266 3647 292 3698 1,·
308 3645 378 3696 recepi
392 3657 418 3690 en
433 3645 477 3687 eet.

156 3815 182 3879 1)
202 3815 326 3882 Gregorii
348 3815 488 3882 Epistolae
511 3815 624 3880 1v,24.
718 3817 747 3882 2)
765 3816 845 3867 Thiel
863 3835 890 3885 p.
911 3817 974 3868 425.
995 3817 1058 3870 434.
1153 3818 1181 3883 3)
1204 3819 1274 3871 Num

153 3889 301 3954 Hartvigue
325 3888 500 3950 simulaverit,
524 3906 554 3940 se
581 3905 641 3940 cum
666 3891 827 3957 imperatore
852 3906 948 3958 pacem
974 3891 1074 3954 iacere,
1095 3889 1205 3943 dubium
1225 3899 1274 3944 eet,

152 3961 220 4012 Nem
241 3979 302 4013 cum
315 3961 364 4013 alii
382 3964 526 4028 scriptores
544 3962 618 4014 illius
637 3966 733 4015 aetatis
754 3963 788 4014 (le
804 3964 919 4031 perfidia
932 3966 1058 4030 Hartvigi
1076 3964 1143 4015 nihil
1161 3966 1275 4017 afferant

153 4039 180 4086 et
197 4051 257 4086 cum
268 4037 432 4088 Waltramus
451 4038 500 4088 snb
520 4035 600 4087 finem
621 4037 740 4087 eiusdem
755 4039 851 4104 capitis
865 4045 963 4103 narret,
983 4039 1145 4103 Hartvigum
1158 4039 1274 4104 Mogon-

152 4109 208 4158 tiae
228 4109 330 4160 celebri
350 4115 483 4162 conventu
509 4118 536 4161 et
554 4111 716 4176 imperatore
741 4116 883 4174 praesente
907 4112 976 4162 festo
995 4113 1145 4162 nativitatis
1163 4112 1274 4162 Domini

152 4181 246 4234 solitas
272 4183 476 4234 benedictiones
501 4185 607 4248 iecisse,
632 4183 660 4232 id
686 4183 758 4249 quod
783 4199 837 4233 non
860 4183 945 4234 solum
968 4201 1028 4236 cum
1046 4186 1136 4235 verbis
1155 4186 1273 4236 omnium

151 4254 265 4307 eliorum
291 4259 452 4324 scriptorum
478 4258 527 4308 sed
552 4259 634 4308 etiam
657 4258 741 4323 ipsius
767 4256 909 4308 waltrami
934 4263 1044 4324 pugnat,
1069 4257 1151 4308 etiam
1174 4259 1226 4310 hac
1245 4260 1274 4310 in

152 4344 182 4378 re
206 4331 263 4381 eius
287 4331 377 4382 verbis
402 4329 483 4382 fidem
508 4331 609 4382 habere
624 4330 738 4384 dubito.
