3098 4818
296 317 332 368 60
586 313 707 365 BRUNO
725 313 775 364 DE
794 311 913 364 BELLO
934 311 1122 364 SAXONICO.

221 501 286 544 rore.
297 483 481 550 dationibus
510 480 672 568 sepelitur.
715 480 789 544 Non
816 480 911 565 longe
938 489 1045 544 autem
1072 489 1303 565 postmortem
1325 501 1420 544 suam

296 567 407 633 abbati
422 566 641 632 Cloniacensi³
663 565 822 651 apparuit,
844 565 1030 650 priusquam
1046 587 1119 628 eum
1134 565 1233 628 fuisse
1254 575 1421 630 mortuum

296 653 508 738 cognovisset,
529 641 785 729 ett⁸Nonsum',
806 649 918 735 inquit,
940 649 1055 730 ‘vivus
1078 647 1136 712 sed
1149 671 1225 714 vere
1236 648 1420 731 defunctus,

298 745 330 801 et
356 736 391 798 in
418 735 542 799 infame
570 732 733 820 sepultus.’
777 732 832 797 Sic
859 730 911 796 ille
940 733 1068 819 sapiens
1095 741 1127 796 et
1154 755 1213 818 per
1238 734 1345 798 omnia
1367 736 1422 799 vir

297 820 457 900 honestus,
480 819 508 883 si
528 839 594 882 non
615 827 700 882 esset
719 817 874 882 avaritiae
889 817 1040 881 venenisl
1062 815 1211 899 infectus,
1233 815 1365 882 stultum
1387 827 1421 884 et
1533 816 1534 822 '

296 901 512 968 miserabilem
526 901 623 966 finem
636 900 762 983 habuit3
785 901 862 987 quia
874 899 971 982 hune,
986 900 1062 964 dum
1076 909 1212 1000 poterat,
1226 922 1421 1000 praecavere

297 986 407 1053 noluit.
450 987 495 1052 Et
522 1008 581 1051 cur
607 1007 681 1050 eum
707 983 810 1048 solum
837 985 911 1049 dico
939 983 1163 1049 miserabiliter
1184 983 1316 1049 obisse?
1341 1007 1419 1050 cum
1534 1035 1535 1050 .

297 1071 502 1136 manifestim
530 1071 586 1152 sit,
623 1091 732 1134 omnes
761 1069 827 1134 fere
859 1069 1005 1134 Heinrici
1037 1067 1211 1134 familiares
1243 1078 1275 1134 et
1306 1069 1418 1134 fideles
1533 1077 1535 1114 i

298 1177 401 1242 aeque
414 1156 549 1220 miseras
564 1165 683 1232 mortes
697 1153 879 1236 incurrisse,
895 1163 928 1218 et
941 1173 996 1218 cos
1011 1153 1201 1236 miseriores,
1222 1155 1279 1239 qui
1292 1153 1423 1220 buerant

298 1239 344 1304 illi
364 1238 537 1322 fideliores3
561 1239 636 1324 quia
657 1236 737 1301 fides
758 1236 814 1302 illa
834 1259 909 1302 vere
931 1245 999 1302 erat
1019 1235 1165 1322 perfidia.

383 1323 434 1389 75.
477 1323 524 1388 Ut
549 1323 635 1386 enim
661 1344 720 1406 per
746 1343 914 1385 excessum
942 1320 1106 1408 quaedam
1121 1319 1173 1385 vel
1200 1327 1344 1408 repetam
1365 1319 1421 1386 vel

298 1429 514 1494 praecurram,
535 1405 727 1491 patriarcha,
743 1405 799 1491 qui
812 1403 936 1490 legatus
950 1403 1117 1491 apostolici
1130 1407 1291 1468 maximus
1305 1415 1422 1469 auctor

298 1491 508 1555 abiurationis
523 1491 673 1554 extiterat
687 1489 832 1553 Heinrici
847 1499 879 1554 et
900 1491 978 1554 novi
992 1513 1026 1554 re
1051 1490 1077 1552 ‘s
1091 1488 1279 1553 instituendi
1287 1501 1309 1570 ¹,
1331 1497 1420 1575 post·

300 1597 397 1661 quam
408 1574 519 1658 exregi
532 1573 624 1660 quusi
638 1573 707 1658 regi
722 1574 860 1637 sociatus
874 1583 1019 1656 retrogra
1042 1595 1080 1636 us
1092 1573 1238 1654 efficitur,
1253 1574 1421 1658 repentina

299 1668 400 1722 morte
423 1667 633 1744 praeventus,
664 1657 740 1743 quia
762 1658 1022 1724 communicabat
1043 1657 1342 1738 excommunicatis,
1371 1658 1419 1720 in-

299 1744 554 1808 communicatus
576 1749 608 1806 et
628 1740 846 1804 inconfessusc
867 1741 941 1804 huic
956 1743 1041 1806 vitae
1057 1740 1263 1806 subtrahitur.
1297 1741 1420 1806 Verum

321 1827 376 1890 uia
403 1836 510 1892 tantae
540 1825 706 1910 dignitatis
726 1825 833 1888 virum
859 1846 925 1889 non
954 1824 1088 1890 decebat
1115 1826 1162 1890 ire
1184 1823 1287 1888 solum
1308 1824 1351 1890 ad
1372 1826 1420 1889 in·

298 1848 432 1993 lernam,
455 1911 697 1996 quinquaginta,
720 1910 803 1973 sicut
817 1909 1007 1992 audivimus,
1030 1909 1070 1974 de
1086 1910 1152 1973 suis
1173 1907 1286 1974 habuit
1302 1910 1420 1992 socios,

298 1994 411 2060 eadem
425 2005 527 2059 morte
542 1993 709 2080 repentina
720 2004 898 2080 correptos3
913 2016 953 2058 ne
965 2013 1046 2080 quos
1057 1992 1198 2058 habebat
1207 1994 1241 2056 in
1251 1993 1421 2080 iniquitate

299 2088 472 2162 consortes,
493 2078 528 2141 in
548 2077 756 2143 retributione
778 2099 843 2142 non
865 2075 998 2142 haberet
1018 2078 1201 2164 participes.

383 2165 434 2230 76.
482 2161 556 2227 Udo
595 2162 802 2225 Treverensis
840 2160 1101 2248 archiepiscopus
1109 2173 1131 2243 ²,
1174 2162 1260 2224 omni
1300 2160 1421 2246 pietate

297 2245 422 2332 plenus,
437 2246 514 2310 dum
528 2247 624 2310 nimis
638 2253 823 2309 mansuetus
835 2245 997 2331 tyrannidi
1010 2267 1076 2310 non
1089 2245 1251 2327 resistens,
1264 2244 1420 2309 Heinrico

298 2328 371 2415 plus
401 2351 498 2416 quam
527 2327 662 2396 decebat
690 2329 894 2415 obsequitur,
927 2331 996 2394 eius
1027 2329 1176 2394 flammeo
1212 2328 1312 2393 furori
1341 2350 1420 2394 suae

299 2414 517 2477 consensionis
546 2412 651 2477 oleum
678 2413 852 2488 ministrat,
882 2422 914 2478 et
939 2424 975 2478 ut
1002 2412 1157 2479 ecclesiae
1185 2412 1422 2499 depraedentur

299 2496 462 2562 licentiam
477 2496 589 2580 donat3
612 2506 644 2561 et
657 2519 735 2560 mox
749 2498 783 2560 in
798 2498 935 2562 crastino
950 2498 1066 2562 manei
1088 2506 1232 2562 mortuus
1247 2497 1421 2580 invenitur,

299 2592 336 2647 ut
365 2581 513 2647 omnibus
542 2592 651 2666 aperte
681 2591 857 2663 constaret,
887 2581 960 2646 ideo
987 2581 1043 2646 tali
1072 2605 1146 2648 eum
1172 2590 1274 2646 morte
1302 2581 1420 2663 obisse,

301 2669 399 2814 quiab
414 2667 448 2730 in
488 2664 697 2731 ecclesiarum
734 2666 961 2751 praedatione⁰
1000 2688 1065 2731 non
1109 2666 1216 2730 timuit
1254 2685 1420 2730 assensum

323 2771 377 2814 rae
402 2772 465 2814 ere.

300 2773 321 2836 p
387 2835 436 2899 77.
481 2833 576 2920 Eppo
599 2833 743 2900 Oicensis
764 2835 949 2921 episcopus,
976 2834 1053 2898 dum
1074 2834 1109 2898 in
1130 2833 1294 2920 episcopio
1317 2832 1420 2897 sancti

299 2917 441 2981 Kiliani³
465 2918 625 3003 quendam
646 2919 751 2982 rivum
772 2918 847 2983 forti
862 2918 976 2983 sedens
996 2920 1030 2982 in
1044 2940 1128 3004 equo
1142 2919 1300 2998 transiret,
1323 2937 1420 3016 quem

301 2999 436 3088 quilibet
462 3001 562 3086 pedes
591 3002 659 3065 sine
687 3000 828 3086 periculo
855 3003 992 3066 transire
1013 3011 1136 3088 posset,
1165 3000 1222 3066 ubi
1243 3022 1303 3064 nec
1324 3013 1421 3066 umor

300 3083 383 3149 ullus
403 3083 478 3166 fuit,
505 3105 588 3170 equo
610 3084 744 3149 cadente
765 3086 905 3150 moriens
928 3087 975 3149 sic
996 3087 1130 3168 interiit3
1156 3095 1266 3150 sancto
1288 3083 1419 3148 Kiliano

300 3169 346 3232 sic
368 3167 571 3254 disponente,
593 3177 629 3232 ut
651 3170 706 3253 qui
728 3170 797 3233 eius
819 3169 909 3234 urbis
930 3169 1089 3234 violentus
1112 3169 1281 3233 incubator
1301 3169 1420 3233 iniuste

298 3253 410 3317 vinum
432 3274 526 3316 suum
547 3251 688 3333 bibebat,
709 3273 828 3337 aquam
844 3275 973 3340 quoque
988 3275 1079 3318 suam
1093 3255 1175 3318 iuste
1190 3251 1314 3333 bibens,
1336 3251 1420 3318 ultra

298 3339 411 3400 vinum
432 3359 496 3404 non
519 3345 667 3423 quaerat;
691 3345 722 3400 et
743 3337 819 3422 quia
840 3337 934 3402 nobis
948 3335 1209 3403 inconciliabilisf
1232 3337 1419 3424 permansit,

298 3421 371 3486 Deo
392 3421 649 3485 inreconciliatus
670 3419 711 3484 ab
734 3417 816 3486 bacss
836 3422 902 3486 vita
923 3422 1086 3507 migravit.

384 3505 434 3570 78.
480 3503 697 3570 Godefridusi
719 3504 796 3588 duX,
812 3506 868 3592 qui
882 3505 942 3571 fuit
956 3506 1117 3570 maximus
1132 3505 1231 3570 hostis
1248 3503 1418 3586 Saxoniae,

299 3724 322 3777 a)
340 3725 445 3767 Cinniac.
463 3727 484 3767 1.
530 3720 698 3776 b)tta1.1¹³;
720 3735 811 3767 veneno
828 3727 849 3766 1.
897 3725 918 3778 c)
934 3738 981 3768 non
997 3727 1057 3768 cont.
1077 3729 1097 3769 1.
1143 3725 1167 3778 d)
1183 3728 1215 3767 tta
1232 3722 1266 3768 1¹³.
1284 3727 1310 3776 25
1326 3728 1382 3767 deest
1399 3729 1420 3768 1.

299 3783 322 3837 e>
338 3785 512 3836 praelationibus
533 3785 554 3824 1.
614 3782 633 3835 t)
654 3785 686 3824 tte
708 3787 729 3824 1.
753 3785 779 3834 ii;
800 3785 1002 3826 irreconciliabilis
1024 3781 1058 3828 lb.
1119 3784 1143 3838 g)
1159 3787 1215 3827 deest
1236 3788 1257 3827 1.
1318 3784 1342 3837 h)
1364 3787 1421 3828 Dux

298 3845 461 3885 herbariorum
478 3842 566 3884 Gerelo
580 3843 619 3884 vel
636 3843 774 3884 Godetridus
790 3844 810 3886 1.

302 4034 330 4098 1)
350 4033 516 4102 Sipebcrdas
540 4041 613 4099 patr.
632 4033 755 4102 Aquilep.
772 4053 799 4088 v.
817 4033 893 4102 infra
918 4053 939 4087 c.
960 4038 1004 4090 88.
1044 4036 1126 4100 Quem
1144 4054 1204 4088 cum
1233 4035 1289 4103 rapi
1314 4035 1422 4089 cardia

300 4107 473 4160 Batiebcaam
493 4107 658 4172 adduxisset,
676 4108 714 4158 ibi
733 4106 840 4161 testibus
852 4110 997 4162 Bertboldo
1017 4119 1041 4163 ct
1063 4111 1193 4162 Berneldo
1213 4127 1303 4162 amena
1314 4111 1420 4176 sacar,

299 4181 326 4232 d.
349 4182 391 4232 12.
411 4179 480 4249 dap.
501 4181 774 4235 107‘1mortuuseet.
818 4183 854 4234 W.
918 4184 947 4244 2)
973 4184 1003 4234 V.
1025 4202 1046 4236 c.
1068 4185 1129 4236 103.
1193 4183 1222 4250 3)
1240 4184 1259 4234 i.
1281 4201 1302 4234 a.
1328 4183 1419 4252 Wirza}

301 4253 431 4322 burgensi.
471 4252 511 4321 Of.
531 4252 630 4306 Arraei.
650 4252 723 4306 Sero
743 4272 769 4308 a.
790 4256 869 4309 1078.
910 4255 979 4308 Obiit
997 4257 1024 4308 d.
1046 4259 1071 4309 b.
1090 4257 1158 4309 Mat.
1182 4274 1208 4307 a.
1231 4255 1310 4307 1078.
