3114 4814
328 353 380 402 ΒΕ
398 353 556 404 UNITATE
577 353 782 406 uecnnsmn
804 354 1081 408 consueverint.
1214 357 1265 406 137

143 521 213 585 sine
241 519 351 600 altere,
381 519 464 585 duae
485 543 562 586 vero
590 520 780 588 altrinsecus
811 521 954 602 virtutes,
983 521 1088 586 idest
1112 522 1266 588 fortitudo

142 615 240 691 atque
268 606 483 690 temperantia
510 607 555 669 sic
585 610 663 670 sunt
688 613 844 692 cognatae
873 606 1034 690 prioribus
1067 615 1163 672 etue
1193 629 1267 671 con-

143 689 283 770 iunctae,
306 699 351 771 ut,
368 687 446 752 dum
462 688 595 755 dextera
613 692 779 756 contendit
799 688 1051 755 imbecillitatem
1066 628 1267 756 inbrmorum

143 773 311 854 sustinere,
333 774 461 838 sinistre
475 783 716 859 contemperata
737 776 779 839 sit
804 783 836 838 et
858 771 1005 856 sollicita,
1024 775 1179 858 ordinem,
1201 798 1268 840 mo·

144 856 222 920 dum
250 867 347 944 atque
374 860 646 944 opportunitatem
667 857 764 924 rebus
786 856 920 941 singulis
951 880 1127 924 reservare.
1175 859 1268 927 Haec

143 943 238 1006 iuxta
281 943 472 1008 sententiam
514 943 602 1009 beati
644 943 863 1028 Hieronymi¹
903 965 927 1010 u
961 967 1114 1010 ornamento
1150 969 1213 1010 sunt
1244 969 1268 1012 a

144 1039 321 1102 munimentm·
345 1058 396 1106 quo
425 1039 522 1094 scilicet
550 1041 643 1093 moniti
666 1042 737 1093 nibil
760 1049 806 1105 est,
830 1024 944 1112 inquii,
966 1041 1117 1106 pretiosius,
1142 1041 1211 1093 reibit
1235 1058 1268 1094 ea

143 1131 308 1180 pemmarum
334 1113 463 1166 uarietate
486 1114 645 1180 distinctius,
671 1117 779 1182 quaudo
803 1133 836 1167 eu
860 1112 931 1166 omui
945 1122 1025 1180 parte
1048 1115 1192 1178 decoraris,
1213 1113 1267 1165 ciu-

144 1195 217 1262 perio
253 1203 331 1262 arque
359 1198 514 1265 procerem.
568 1182 661 1248 Unde
696 1193 728 1248 et
760 1182 855 1247 docet
888 1180 970 1246 liber
1005 1179 1265 1262 Ecclesiasticus,
1277 1164 1402 1266 fflssss’,

147 1263 316 1348 quoniam:
345 1265 470 1330 Beatus
493 1267 554 1347 uir,
606 1269 644 1332 ui
664 1269 702 1332 iu
731 1268 901 1352 sapientia
930 1266 1123 1348 morabitur,
1154 1277 1183 1331 et
1210 1268 1268 1352 qui

146 1349 184 1411 iu
213 1349 342 1412 iustitia
371 1371 435 1414 sua
462 1289 673 1415 meditabitur
700 1359 729 1414 et
756 1353 793 1414 iu
820 1373 917 1414 seusu
947 1371 983 1413 co
1006 1349 1101 1414 itabit
1129 1352 1267 1416 circum-

145 1454 160 1494 e
187 1433 339 1495 ectionem
361 1433 427 1498 Dei
433 1456 445 1515 ;
469 1437 603 1498 statuita
625 1435 773 1499 casulam
797 1435 864 1498 sive
887 1455 971 1497 cucu
995 1454 1048 1496 am
1077 1433 1122 1498 aei
1148 1457 1267 1499 mareas

145 1453 238 1580 iiiior
268 1525 297 1580 et
324 1518 458 1581 statuitt¹
486 1518 584 1582 simul
608 1519 700 1602 filios
727 1541 805 1583 suos
834 1518 892 1582 sub
925 1519 1064 1604 tepmiae
1097 1517 1200 1598 iltius,
1233 1527 1269 1580 ut

146 1601 373 1685 requiescantb
395 1602 480 1665 borea
497 1625 561 1687 per
576 1626 691 1666 aevum
713 1605 751 1666 iu
767 1602 884 1666 casula
907 1603 976 1665 sive
998 1601 1032 1663 in
1047 1600 1172 1665 cuculla
1187 1603 1268 1666 eius.

147 1683 241 1747 Sicut
267 1684 352 1748 enim
377 1685 490 1750 scribit
509 1685 653 1749 Isidorus
680 1688 872 1772 episcopus²
900 1685 934 1748 in
956 1682 1038 1748 libro
1063 1687 1113 1752 19.
1136 1685 1269 1771 Etyma-

145 1766 324 1853 logiarum:
350 1781 449 1835 Oscula
468 1792 505 1835 eet
523 1785 602 1837 uestis
622 1787 765 1848 cucullata,
785 1785 857 1836 dicta
871 1799 925 1849 per
937 1781 1139 1836 diminutionem
1158 1801 1176 1834 a
1196 1801 1269 1847 casa,

146 1882 177 1917 eo
190 1867 262 1932 quod
279 1873 361 1918 totum
381 1865 510 1918 bominem
529 1875 599 1934 tegat
612 1866 690 1934 quasi
702 1869 789 1918 miror
804 1883 884 1926 caea,·
903 1865 966 1917 iude
985 1874 1009 1917 et
1022 1867 1135 1930 cucutia,
1154 1852 1268 1936 inquit,

146 1950 226 2015 quaes·
250 1947 338 2000 minor
356 1951 430 2002 cella.
470 1933 591 2000 Scribit
617 1945 726 2000 eutem
746 1931 977 1998 monachorum
1000 1941 1093 2017 pater
1113 1933 1269 1999 Benedic-

147 2026 237 2080 tus³t
259 2031 397 2100 Sufficere,
416 2018 576 2104 inquiens,
601 2034 733 2086 credimus
762 2032 898 2084 monacbis
919 2048 970 2097 per
996 2031 1111 2098 imputes
1138 2034 1270 2084 cucullam

147 2122 172 2168 et
194 2115 312 2167 tunicam
337 2124 361 2166 et
380 2117 521 2182 scapulare
537 2123 648 2184 propter
669 2134 759 2182 opera.
798 2101 884 2164 Ecce
912 2100 1017 2184 primo
1039 2098 1118 2162 facit
1138 2121 1269 2184 genera-

145 2182 210 2247 lem
243 2205 340 2268 super
368 2195 456 2248 veste
489 2184 639 2249 monachi
671 2185 932 2271 descriptionem,
961 2205 1000 2246 ac
1030 2183 1145 2248 deinde
1174 2183 1270 2249 infert

147 2289 317 2332 numerum
347 2275 380 2332 ei
411 2266 613 2354 qualitatem:
642 2283 748 2352 Sufficit
777 2281 855 2346 euim,
884 2267 1019 2353 inquii4,
1047 2283 1175 2335 momacbo
1200 2285 1270 2335 duae

148 2358 265 2409 cucullas
284 2357 381 2408 babere
400 2366 424 2410 et
443 2357 512 2410 duae
532 2359 636 2410 tunicae
650 2364 764 2424 propter
784 2365 871 2409 meotes
897 2363 920 2409 et
934 2362 1045 2422 propter
1063 2358 1177 2409 lurrare‘⁵
1196 2357 1270 2422 ipsae

146 2458 198 2493 res.
244 2424 370 2488 Tunica
399 2426 520 2524 quippe
549 2448 623 2490 cum
656 2427 697 2490 sit
725 2425 822 2489 vestis
852 2424 1052 2488 diversarum
1084 2425 1269 2504 formarum,

148 2509 218 2572 sive
232 2509 329 2574 fuerit
343 2507 436 2588 linea,
460 2531 530 2574 s1ve
551 2509 654 2591 lanea,
676 2511 744 2573 sive
758 2507 894 2594 pellicea
915 2518 1011 2594 atque
1026 2507 1089 2571 elia
1111 2507 1271 2572 eiusmodi

148 2591 296 2678 plurime,
328 2591 380 2656 hic
409 2593 528 2658 dicitur
556 2605 642 2659 certe
668 2591 741 2656 talis
771 2592 890 2671 tunica,
920 2590 1023 2676 qualis
1053 2602 1101 2656 est
1129 2594 1270 2672 camisia,

170 2699 284 2741 uarum
306 2676 389 2742 duee
411 2699 431 2740 a
448 2685 558 2741 sancto
574 2677 750 2741 Benedicto
772 2684 944 2761 propterea
965 2676 1140 2761 unicuique
1162 2697 1271 2740 mona·

148 2783 166 2824 c
191 2782 209 2825 ο
238 2762 477 2848 permittuntur,
506 2784 571 2826 non
598 2770 634 2825 ut
662 2758 757 2824 simul
784 2767 961 2844 portentur,
991 2758 1048 2822 sed
1070 2769 1107 2824 ut
1127 2759 1295 2823 vicissim·

147 2844 332 2927 induantur,
360 2856 405 2930 ut,
428 2845 505 2910 dum
527 2868 593 2910 una
619 2844 754 2922 lavetur,
777 2843 863 2928 quod
881 2851 930 2906 est
952 2840 1070 2906 ‘lavare
1091 2843 1180 2928 ipses
1202 2843 1271 2924 res',

148 2927 249 2994 altere
270 2932 304 2994 in
326 2953 387 2995 usu
409 2929 581 3013 habeatur3
605 2938 637 2995 et
654 2930 771 2992 iccirco
787 2936 899 2991 contra
913 2937 1122 3012 praeceptum
1137 2927 1272 2991 Domini

148 3013 201 3077 vel
226 3014 361 3079 aliorum
380 3026 572 3096 ¹sanctorum
601 3023 731 3100 patrum
756 3013 827 3098 ipse
877 3020 946 3074 ater
971 3011 1165 3076 Benedictus
1192 3010 1272 3075 nihil

149 3097 297 3163 docuisse
325 3098 378 3163 vel
407 3101 611 3164 constituisse
640 3098 803 3184 probatur.
848 3033 945 3175 duod
971 3105 1078 3161 autem
1106 3097 1273 3162 constituit

148 3192 281 3267 propter
301 3192 413 3247 noctes
435 3186 531 3250 etiem
552 3182 633 3248 tales
654 3183 781 3246 tunicas
803 3179 925 3262 haberi,
946 3179 1021 3244 inde
1044 3191 1100 3262 est,
1129 3181 1216 3267 quod
1238 3182 1272 3243 in

149 3263 214 3327 alio
236 3265 367 3350 regulae
389 3289 464 3332 suae
486 3267 649 3354 capitulo⁶
676 3266 846 3352 praecipit,
876 3272 912 3327 ut
940 3261 1090 3328 monachi
1112 3264 1273 3328 dormiant

149 3348 259 3412 vestiti
289 3358 321 3413 et
353 3349 489 3434 cingulis
519 3353 706 3438 praecincti,
737 3349 889 3436 quoniam
917 3350 1051 3412 camisia
1080 3347 1161 3412 solet
1181 3371 1272 3434 prae-

152 3434 248 3516 cingi.
301 3448 383 3500 Ourna
416 3437 518 3516 enim,
548 3436 634 3500 unde
667 3435 784 3500 dicitur
818 3431 967 3512 camisia,
1001 3453 1038 3498 eu
1067 3445 1152 3499 brevis
1183 3449 1272 3510 lectus,

152 3518 235 3581 sicut
255 3518 289 3580 in
308 3517 359 3580 20.
372 3514 454 3582 libro
473 3519 751 3604 Etymologierum
774 3515 886 3582 scribit
900 3513 1045 3578 Isidorus
1068 3514 1241 3600 episcopus
1250 3524 1273 3578 ⁶.
1325 3573 1328 3580 .

151 3601 196 3666 Ei
223 3624 321 3688 supra
341 3602 375 3663 in
400 3601 449 3666 19.
478 3601 597 3667 libro':
626 3619 766 3682 Oamisiae,
792 3600 906 3687 inquit,
929 3619 1068 3676 vocantur,
1094 3612 1160 3678 quia
1184 3613 1214 3665 iu
1233 3613 1274 3665 bie

153 3700 299 3752 dormimus
317 3699 347 3751 im
367 3702 457 3765 camis,
476 3699 506 3752 id
524 3707 563 3753 ert
581 3701 610 3752 iri
629 3702 719 3752 stratis
737 3699 843 3752 uostris
880 3681 1032 3748 Ceterum
1046 3679 1187 3745 Basilius
1208 3682 1274 3766 epi-

153 3790 271 3854 scopus
299 3768 412 3832 scribit
440 3769 473 3830 in
503 3767 614 3854 regule
641 3791 700 3832 sue
722 3768 762 3833 de
782 3767 982 3832 institutione
1005 3765 1273 3830 monachorum:

153 3857 218 3909 &em
238 3867 325 3910 autem
344 3859 414 3910 duae
433 3858 539 3910 tunicae
551 3859 647 3910 babere
656 3857 798 3924 probibeat
815 3874 899 3910 sermo
913 3856 1030 3919 diuinus,
1050 3856 1178 3922 quomode
1187 3860 1275 3921 potest

154 3985 178 4038 e)
195 3991 280 4028 statuet
298 3988 359 4038 Vulp.
420 3985 444 4038 b)
462 3992 485 4028 et
500 3988 647 4037 requiescent
666 3987 726 4036 Vota
789 3986 810 4038 c)
827 3989 850 4026 et
865 3987 917 4026 aad.
936 3987 956 4026 1.

155 4090 183 4158 1)
203 4093 315 4144 Hieron.
335 4094 422 4160 Epist.
441 4093 476 4143 ed
496 4092 674 4159 Nepotianum
697 4091 715 4142 l.
731 4091 750 4141 l.
826 4093 855 4158 2)
875 4091 973 4142 Isidori
993 4089 1084 4155 Opera
1104 4088 1152 4149 IV,
1171 4105 1197 4154 p.
1211 4086 1275 4138 458.

153 4165 183 4231 3)
208 4167 312 4217 Bened.
332 4167 438 4232 Regula
458 4183 481 4217 c.
503 4166 546 4216 55.
622 4163 651 4231 4)
677 4164 750 4216 lbid.
825 4166 852 4228 ὃ)
873 4164 944 4216 Ibid.
965 4179 988 4214 c.
1009 4162 1054 4214 22.
1130 4161 1158 4225 6)
1178 4161 1276 4212 Isidori

155 4241 245 4306 Opera
263 4239 311 4302 IV,
331 4258 357 4306 p.
379 4239 440 4290 508.
518 4238 546 4304 7)
566 4237 635 4290 ibid.
656 4255 682 4304 p.
702 4237 765 4291 462.
840 4237 871 4304 8)
891 4237 919 4289 S.
933 4235 1030 4288 Basilii
1045 4237 1124 4301 Reg,
1143 4251 1212 4302 resp.
1232 4235 1276 4297 23,

155 4314 245 4380 Opera
265 4313 307 4363 ed.
325 4313 428 4366 Bened.
450 4313 530 4378 1722,
551 4312 589 4374 II,
609 4329 635 4380 p.
655 4312 717 4363 369.
