3098 4818
423 338 544 390 BRUNO
563 338 612 388 DE
631 339 751 392 BELLO
770 339 958 392 SAXONIOO.
1218 342 1254 392 49

133 507 280 572 iustitiae
319 505 471 591 defensor
506 527 572 571 esse
609 505 743 570 deberet.
798 507 912 572 Veram
944 509 1062 594 quanti
1092 512 1164 593 ipse
1197 519 1331 576 autum.

136 594 203 656 scri
227 599 263 655 ta
278 600 337 655 aut
343 613 410 676 per
422 589 547 690 lepatos
561 591 663 654 missa
678 599 792 654 nostra
805 591 904 655 uerba
915 591 1048 675 fecerit,
1070 595 1141 658 eius
1152 593 1254 678 faeta

134 675 192 740 dec
207 683 317 740 arant.
364 672 430 748 Qui
449 673 588 760 endipne
607 673 726 758 ferens
754 697 787 738 se
818 699 839 739 a
866 697 1031 776 quoquam
1058 700 1094 743 re
1137 678 1255 742 ebendi

134 767 193 824 aut
224 759 367 843 corripi,
404 779 471 822 non
503 757 606 822 solum
638 781 660 821 a
717 767 889 843 erpeuutis
921 760 967 824 ad
999 698 1254 826 emendittonen

133 844 285 908 reuocari
305 865 373 907 non
388 842 509 926 potuit,
532 842 588 906 sed
610 781 768 926 ampliori
796 844 1013 907 conscientiae
1038 867 1120 909 suae
1130 842 1254 928 furore

135 949 211 990 arre
236 935 288 990 tus
310 948 377 990 non
424 927 497 990 rius
525 927 676 1006 cessauit,
706 926 807 990 donec
828 927 997 1012 episcopos
1014 949 1124 1012 paene
1145 951 1254 994 omnes

133 1011 171 1075 in
186 949 300 1087 Ithlia,
320 1011 360 1074 in
383 948 567 1075 demonicis
588 1031 663 1074 vero
681 1009 836 1094 partibus
856 1020 932 1096 quot
953 1019 1009 1076 uot
1026 1013 1142 1096 potuit,
1164 1014 1255 1078 circa

127 1093 229 1177 fldem
254 1091 375 1160 Cbristi
395 1092 606 1179 naufrapare
617 1092 713 1177 fecit,
735 1093 813 1158 dum
828 1115 880 1158 eos
894 1095 933 1159 de
961 1096 1035 1158 'tam
1055 1095 1145 1160 beato
1159 1096 1254 1162 Petro

134 1187 164 1243 et
187 1177 383 1262 apostolicae
398 1178 470 1243 sedi
485 1177 699 1242 obedientiam
718 1187 747 1240 et
761 1179 912 1243 bonorem
935 1187 977 1242 a·
999 1179 1129 1244 domino
1145 1189 1254 1245 nostro

134 1261 210 1324 Iesu
250 1261 378 1327 Cbristo
419 1283 604 1325 concessum
644 1261 809 1347 abnepare
842 1262 977 1348 subepit.
1035 1261 1115 1328 Cum
1149 1265 1255 1349 ipitur

133 1346 186 1410 ini
207 1346 340 1410 uitatem
355 1348 425 1411 eius
440 1345 486 1410 ad
500 1367 658 1410 summum
666 1345 819 1431 prodisse
828 1346 983 1428 uidimus,
994 1368 1059 1430 pro
1070 1347 1122 1411 bis
1133 1351 1254 1429 causis,

134 1368 284 1494 vidilicet
311 1433 474 1514 primum,
504 1429 592 1514 quod
624 1429 664 1493 ab
693 1451 805 1494 eorum
833 1433 1071 1513 communione,
1105 1431 1163 1516 qui
1185 1453 1253 1517 pro

134 1513 308 1599 sacrilepio
331 1522 360 1577 et
381 1522 475 1577 reatu
497 1514 698 1578 simoniacae
721 1513 866 1578 baeresis
882 1516 1152 1580 encommunicati
1166 1524 1253 1596 sunt,

133 1620 167 1664 se
189 1597 350 1662 abstinere
364 1596 472 1660 noluit
477 1619 490 1678 ,⁰
513 1596 630 1661 deinde
645 1597 734 1681 quod
748 1619 816 1682 pro
831 1599 1018 1662 criminosis
1033 1598 1159 1663 actibus
1174 1620 1253 1664 suae

133 1683 220 1745 uitae
246 1682 482 1765 poenitentiam
511 1702 577 1744 non
607 1680 680 1743 dico
710 1681 875 1764 suscipere
904 1681 961 1745 sed
989 1705 1046 1746 nec
1067 1684 1253 1765 promittere

133 1765 263 1850 quidem
284 1763 399 1844 uoluit,
426 1764 561 1827 mentita
582 1785 622 1826 ea
634 1762 706 1844 fide
735 1779 834 1847 quam
859 1766 896 1827 in
925 1786 1045 1828 manus
1072 1765 1254 1851 lepatorum

134 1856 318 1912 nostrornm
335 1848 557 1931 promiserat,·
588 1868 713 1911 necnon
756 1841 834 1910 uod'
848 1869 969 1932 corpus
994 1846 1125 1929 Christi,
1150 1849 1188 1913 id
1209 1859 1254 1914 est

133 1933 291 1996 unitatem
312 1939 446 1994 sanctae
468 1929 629 2011 eeclesiae,
652 1869 800 1994 scindere
821 1952 888 1994 non
910 1932 1063 2014 eapauit:
1087 1953 1149 2016 pro
1172 1933 1253 2014 bisb,

133 2016 283 2101 inquam,
306 2012 412 2098 culpis
435 2014 590 2102 synodali
609 2014 736 2080 iudicio
751 2037 823 2078 enm
838 2015 1197 2097 eucommunicaoimus,
1219 2025 1255 2080 ut

135 2121 228 2185 quem
250 2100 341 2163 mites
363 2120 431 2164 non
449 2101 632 2183 potuimus,
662 2096 711 2162 uel
732 2099 835 2163 seueri
864 2099 909 2162 ad
930 2099 1020 2162 uiam
1041 2098 1159 2163 salutis
1182 2099 1253 2164 Deo

134 2183 314 2248 adiuvante
346 2205 499 2248 revocare
527 2183 711 2264 soleamne,
751 2191 810 2247 ant
846 2184 894 2264 si,
933 2183 1018 2268 quod
1052 2182 1154 2264 absit,
1195 2203 1253 2247 nec

132 2267 351 2334 districtionis
382 2267 511 2352 quidem
544 2289 718 2332 censuram
740 2268 963 2351 pertimuerit,
993 2275 1108 2332 nostra
1140 2265 1253 2330 saltem

135 2354 251 2418 anima
273 2349 493 2436 neplipentiae
515 2360 574 2415 aut
600 2351 726 2416 timoris
748 2351 937 2416 discrimini
961 2373 1028 2415 non
1055 2350 1251 2416 succumbat.

80 2469 82 2473 ·
134 2433 176 2499 Si
197 2439 277 2581 puis
303 2435 409 2520 ipitur
437 2435 522 2498 banc
550 2437 741 2499 sententiam
765 2435 886 2500 iniuste
907 2434 956 2499 uel
977 2434 1252 2499 irrationabiliter

131 2539 195 2602 pro
210 2527 299 2582 atam
336 2539 404 2582 esse
436 2520 624 2603 putauerit,
663 2519 693 2582 si
731 2517 808 2582 talis
840 2527 886 2582 est
919 2527 957 2580 ut
987 2519 1094 2582 sacris
1125 2517 1252 2604 repulis

133 2601 368 2688 intellipentiae
395 2622 526 2666 sensum
549 2601 710 2687 praebere
736 2599 839 2682 voltu,
868 2601 1032 2666 nobiscum
1060 2601 1138 2665 inde
1160 2611 1251 2687 aput,

133 2695 164 2750 et
191 2708 258 2750 non
280 2685 362 2772 quid
383 2707 442 2750 nos
464 2686 521 2750 sed
543 2685 644 2771 quid‘¹
673 2685 791 2749 diuina
813 2685 993 2749 auctoritas
1015 2685 1142 2766 doceat,
1191 2685 1252 2750 uid

134 2771 316 2852 decernat0,
350 2769 449 2855 quid*
472 2791 617 2833 consona
637 2791 702 2834 oon
734 2777 922 2833 sanctornm
946 2777 1087 2852 patrum
1118 2706 1364 2848 iudicamus.

129 2855 297 2940 patienter
323 2853 464 2918 audiens
493 2854 688 2939 acquiescat.
732 2852 803 2916 Nos
825 2861 932 2916 tamen
953 2873 1021 2916 non
1043 2853 1252 2916 aestimamus

134 2960 328 3025 quemquam
348 2936 517 3019 fidelium,
548 2939 607 3022 qui
634 2933 852 3002 ecclesiastica
873 2944 998 2999 statuta
1022 2937 1163 3016 noverit,
1193 2935 1252 3000 boc

134 3044 243 3088 errore
257 3023 369 3103 teneri,
392 3030 428 3085 ut
446 3043 514 3086 non
530 3021 599 3102 boc,
621 3029 650 3084 et
663 3022 695 3085 si
703 3018 834 3104 publice
850 3019 1020 3168 spsfirmare
1035 3042 1103 3084 non
1118 3020 1251 3100 audeat,

135 3106 184 3170 uel
204 3107 242 3170 in
264 3105 360 3170 corde
382 3125 441 3169 suo
463 3114 546 3169 recte
558 3103 693 3188 factum
707 3125 773 3168 esse
788 3125 854 3189 per
876 3103 981 3186 ibent,
1003 3123 1203 3188 quemqnam
1224 3112 1254 3166 et

134 3192 165 3255 si
186 3211 256 3270 nos,
278 3189 365 3275 quod
386 3188 496 3254 Deus‘
525 3197 664 3270 auertat,
693 3210 760 3252 non
781 3190 865 3253 satis
886 3189 985 3274 praui
1006 3187 1046 3251 de
1067 3209 1173 3251 causa
1195 3195 1253 3251 aut

134 3275 245 3338 minus
273 3273 424 3338 ordinate
452 3295 524 3336 eum
550 3272 740 3336 buiusmodi
760 3271 890 3337 viriculo
911 3270 1141 3418 liparemmus,
1169 3271 1255 3334 sicut

134 3357 244 3421 sancti
258 3364 373 3440 patres
389 3365 550 3437 asserunt,
572 3377 639 3420 non
652 3355 777 3420 idcirco
792 3376 930 3440 spernen
956 3377 978 3417 a
991 3363 1070 3419 esset
1084 3354 1254 3435 sententia,

135 3440 192 3506 sed
215 3439 374 3504 absolutio
396 3462 469 3504 cum
491 3440 581 3504 omni
602 3437 783 3504 bumilitate
805 3437 1005 3523 quaerenda.
1052 3437 1112 3501 Vos
1136 3445 1253 3518 autem,

135 3522 351 3603 dilectissimi,
378 3525 436 3608 qui
455 3524 618 3588 iustitiam
639 3522 705 3587 Dei
724 3544 791 3587 non
836 3543 874 3586 ro
895 3522 991 3606 repia
1012 3521 1253 3606 indignatione,

135 3629 202 3673 non
219 3629 285 3691 pro
308 3605 420 3690 aliquo
437 3605 588 3692 periculo
603 3607 747 3671 deserere
761 3627 800 3670 oo
813 3605 920 3684 uistis,
933 3603 1127 3688 fatuitatem
1143 3625 1254 3669 eorum

136 3693 195 3778 qui
221 3691 261 3755 de
289 3691 492 3755 enecratione
519 3700 548 3754 et
573 3689 743 3755 mendacio
776 3688 1086 3753 annuntiabuntur&
1113 3689 1151 3752 in
1178 3709 1394 3763 consessu.

135 3776 364 3856 summatione,
388 3774 683 3860 parvipendentes,
705 3772 847 3838 uiriliter
868 3780 947 3836 state
969 3781 998 3835 et
1019 3770 1256 3858 confortamini

134 3859 173 3924 in
201 3858 362 3938 Domino,
396 3859 530 3922 scientes
567 3858 654 3942 quod
684 3855 776 3922 illius
808 3865 939 3944 partem
972 3854 1163 3940 defenditis,
1197 3855 1256 3940 qui

135 3941 370 4028 insuperabilis
398 3963 458 4004 rea
484 3942 535 4004 et¹¹
566 3942 765 4027 mapnificus
796 3941 1018 4026 triumpbator
1043 3939 1255 4004 iudicaturus

135 4035 182 4091 est
195 4028 286 4091 uiuos
301 4035 330 4089 et
343 4034 497 4105 mortuos,
511 4025 651 4090 reddens
666 4026 845 4109 unicuique
859 4023 1037 4089 secundum
1050 4044 1133 4108 opus
1148 4042 1255 4085 suum.

136 4109 189 4175 De
210 4113 305 4176 cuius
332 4108 524 4174 multimoda
545 4109 755 4174 retributione
776 4117 805 4174 et
825 4129 881 4174 uos
903 4109 982 4173 certi
1003 4128 1068 4170 esse
1092 4105 1256 4190 poteritis,

135 4278 165 4331 a)
177 4281 202 4321 tn
215 4284 236 4324 1.
289 4279 422 4334 msam.
468 4279 627 4333 c)ltoP.H.;
642 4292 690 4323 non
705 4282 763 4323 vellt
778 4284 799 4323 1.
816 4283 838 4324 2.
884 4279 1017 4332 (Μαι.
1063 4276 1255 4332 emicuerunt&

137 4337 266 4391 oleati.
327 4338 350 4392 ς)
367 4340 423 4382 aaut
439 4343 460 4382 1.
478 4341 498 4382 t.
558 4338 847 4392 unanimorum.
