3116 4822
271 361 307 414 bb
465 358 516 409 DE
534 355 693 410 uulnus
712 353 918 407 EOOLESIAE
938 353 1213 406 consueverint.

130 529 424 616 r·.ss‚11.quoniam
445 528 576 592 iustitia
598 535 719 608 etpost
742 522 905 588 osculatae
926 532 1001 586 sunt
1023 544 1066 602 se,
1094 522 1179 586 sieut
1205 520 1286 586 dicit
1305 521 1390 609 psal-

271 613 377 680 mista.
423 609 514 676 Unde
540 610 620 708 ipse,
642 609 698 694 qui
727 616 776 672 est
801 629 869 693 pax
895 615 1014 688 nostre,
1042 604 1190 672 Christus
1216 606 1294 672 dicit
1317 615 1392 692 post

273 696 444 762 salutarem
467 695 645 760 decumam
667 691 876 757 institutionis
897 689 1113 776 euangelicae,
1135 691 1188 756 cui
1202 691 1322 756 iustum
1341 699 1392 756 est

123 800 174 846 tou.
184 799 263 853 uses.
273 781 421 848 obedire:
450 780 542 844 Haeo
564 778 690 842 loeutus
711 799 782 840 sum
802 776 901 857 uobis,
923 785 959 840 ut
978 777 1016 839 in
1030 798 1078 840 me
1091 797 1210 860 paoem
1231 775 1389 840 babeatis.

273 880 386 947 Propter
397 878 469 946 qnod
481 864 577 944 enirn²
592 862 676 927 sieut
688 868 856 927 attestatur
866 857 1068 945 Augustinus
1077 871 1100 942 ¹,
1114 883 1195 927 sorus
1208 874 1306 942 omum,
1319 875 1392 941 quod

272 952 412 1006 christiani
435 969 534 1016 summ,
558 950 655 1004 satos
680 959 709 1002 ut
732 951 762 1002 in
788 947 889 1002 Obristo
909 966 1007 1016 paoem
1030 949 1183 1013 babeamus,
1207 957 1231 1000 et
1253 949 1336 1000 umus
1361 946 1391 1000 in

273 1027 376 1079 unitate
401 1026 518 1092 corporis
546 1023 611 1078 eius.
657 1024 733 1076 Haec
757 1024 826 1076 enim
846 1041 906 1090 paro
930 1041 984 1075 non
1008 1023 1086 1075 tabet
1102 1024 1186 1090 finem
1209 1021 1340 1088 temporis,
1366 1028 1391 1074 et

272 1097 334 1168 ipsa
359 1099 408 1152 erit
432 1099 515 1150 omnis
537 1098 602 1165 piae
620 1107 725 1150 nostrae
743 1095 896 1148 intentionis
916 1095 1078 1163 actionisque
1089 1093 1172 1164 fiosis,·
1191 1104 1303 1162 propter
1321 1095 1391 1147 bano

273 1171 446 1225 sacramentis
470 1171 526 1225 eius
550 1170 701 1235 imbuimur,
719 1179 832 1237 propter
856 1170 926 1221 barse
949 1169 1115 1221 mirabilibus
1140 1167 1196 1221 eius
1221 1169 1344 1235 operibus
1367 1175 1392 1221 et

274 1244 438 1299 centonibus
448 1244 595 1308 erudimur,
605 1253 716 1311 propter
729 1245 798 1295 banc
811 1243 920 1308 spiritus
934 1241 990 1294 eius
999 1243 1100 1310 pignus
1113 1240 1270 1308 accepimus,
1277 1251 1391 1308 propter

273 1320 343 1372 bono
357 1318 387 1370 in
398 1336 457 1370 eum
469 1317 600 1370 credimus
613 1327 637 1369 et
649 1333 786 1383 speramus
800 1325 824 1367 et
838 1317 894 1368 eius
911 1333 1007 1379 umore,
1021 1325 1150 1382 quantum
1163 1317 1253 1378 donat,
1267 1314 1390 1368 accendi·

273 1409 341 1446 mur.
369 1392 431 1444 Hae
441 1408 512 1458 pace
531 1391 559 1442 in
576 1391 709 1457 pressuris
728 1389 846 1441 omnibus
867 1390 1043 1452 consolamur,
1062 1391 1112 1441 bae
1121 1389 1257 1455 pressuris
1271 1389 1391 1440 omnibus

275 1467 427 1526 liberamur,
444 1472 556 1530 propter
575 1465 644 1516 bano
664 1479 763 1518 munem
782 1462 976 1514 tribulationem
987 1462 1099 1528 fortiter
1120 1463 1288 1526 sustinemus,
1312 1471 1340 1514 ut
1361 1461 1391 1514 in

274 1539 325 1591 isac
334 1538 453 1605 feliciter
478 1539 535 1589 sine
558 1538 616 1588 ulla
641 1537 810 1588 tribulatione
832 1552 977 1604 regnemus.
1015 1534 1112 1587 Patria
1130 1535 1199 1587 enim
1219 1544 1312 1587 nostro
1330 1552 1392 1602 pau

274 1628 321 1684 est,
342 1629 366 1672 et
385 1618 518 1672 hereditas
536 1629 630 1672 nostra
648 1636 709 1686 pesa
728 1627 774 1671 est.
812 1618 864 1670 Per
883 1619 962 1683 bano,
983 1603 1109 1690 inquit²
1131 1601 1218 1668 idem
1239 1603 1392 1688 Augusti·

273 1709 334 1752 nus
362 1687 544 1774 episcopm,
575 1720 621 1756 uos
645 1703 802 1768 salutamus,
827 1702 897 1753 tanc
920 1701 992 1753 vobio
1017 1701 1215 1754 annuntiamus.
1256 1703 1310 1756 Sed
1331 1703 1392 1755 ode·

274 1785 338 1828 rum
357 1777 537 1841 Hierusalem,
556 1776 602 1844 qui
624 1776 736 1828 oderunt
753 1791 856 1841 paoem,
875 1774 923 1840 qui
945 1777 1118 1828 conscindunt
1139 1775 1275 1838 unitatem,
1295 1776 1392 1842 quibus

266 1851 344 1918 falso
358 1867 455 1917 paoem
462 1847 701 1917 pronuntiantibus
712 1849 812 1914 populo
824 1848 1007 1930 respondetur,
1026 1867 1085 1901 eum
1100 1849 1217 1901 dixerint
1229 1851 1294 1914 pau
1305 1849 1391 1901 uobis·

274 1931 350 1995 oum’,
364 1935 396 1985 ‘et
408 1951 467 1984 erun
479 1933 576 2002 spiritu
587 1929 650 1993 tuo’,⁸
662 1931 768 1998 falsum
781 1931 859 1995 enim,
878 1917 991 2002 lnquit,
1011 1930 1103 1984 dicunt
1117 1941 1141 1984 et
1146 1933 1253 1998 falsum
1266 1933 1391 1984 aredium.

278 2005 378 2070 Quibus
397 2006 489 2058 dicunt
508 2008 572 2075 pau
591 2005 740 2067 uobiscum',
760 2019 824 2070 qum
843 2011 971 2071 separant
994 2023 1012 2056 a
1033 2022 1101 2072 pace
1126 2004 1196 2057 orbis
1216 2015 1349 2058 terrorum
1368 2012 1393 2058 et

257 2074 369 2146 'quibus
385 2079 530 2132 dicuntur⁸
550 2083 583 2132 ‘et
602 2095 660 2130 oum
679 2075 775 2144 spiritu
794 2072 877 2128 tuo'b.
916 2077 948 2130 St
964 2079 994 2130 in
1012 2076 1108 2144 spiritu
1127 2095 1217 2130 eorum
1242 2087 1307 2131 esset
1324 2097 1390 2145 pun,

274 2170 362 2205 nonne
386 2153 514 2206 unitatem
537 2153 675 2220 diligerent
700 2158 724 2201 et
743 2149 933 2202 dissensionem
951 2151 1180 2217 derelinquerent?
1218 2151 1311 2218 Neque
1328 2169 1390 2204 cero

270 2243 331 2293 pun
355 2243 409 2278 esse
427 2232 515 2292 potest
541 2243 614 2288 uero,
640 2222 687 2274 ubi
711 2241 765 2274 non
788 2232 825 2275 est
840 2241 906 2276 cera
924 2225 1073 2288 eoncordia,
1093 2226 1158 2291 quia
1176 2224 1312 2278 disiuncta
1329 2233 1392 2279 stud

275 2310 365 2362 corda.
404 2307 540 2370 Quomodo
559 2306 637 2372 enim,
654 2291 788 2376 inquii³‚
811 2323 916 2360 oonsom
935 2305 1042 2371 dicitur,
1061 2308 1107 2372 qui
1125 2315 1221 2361 sortem
1239 2308 1333 2376 iungit,
1353 2309 1391 2361 ita

275 2381 319 2434 ille
338 2397 444 2434 eonoom
463 2380 592 2433 dicendus
611 2387 657 2445 est,
675 2381 724 2512 pul
742 2381 824 2432 corda
842 2380 937 2449 iunpit.

353 2450 402 2514 11.
425 2447 491 2514 Sed
501 2449 567 2512 iem
578 2448 663 2514 facta
696 2449 834 2512 ivisione
848 2447 976 2534 imperii
988 2446 1082 2513 simul
1097 2459 1129 2514 et
1139 2448 1312 2515 sacerdotii
1324 2471 1392 2514 sur-

275 2533 361 2598 rexit
381 2555 440 2597 rex
461 2532 618 2598 adversus
639 2554 761 2618 regem,
781 2554 860 2617 gens
881 2532 1035 2598 adversus
1081 2542 1196 2618 entem,
1218 2534 1393 2620 episcopus

276 2625 414 2683 contras
438 2618 596 2703 neopum,
606 2639 649 2716 po
673 2615 745 2682 ulus
757 2625 869 2681 conus
879 2616 1045 2703 populum.
1097 2618 1281 2684 xindevero
1315 2640 1393 2684 uan-

275 2711 326 2771 tae
342 2723 398 2768 aas
422 2724 456 2768 es
471 2701 652 2768 factasunt
685 2701 837 2783 ominum,
854 2713 991 2787 quantae
1003 2699 1234 2770 destructiones
1246 2641 1392 2768 eebiesia-

275 2809 356 2866 rum,
370 2797 490 2872 quanta
501 2787 598 2852 etiam
608 2809 716 2852 rerum
728 2785 872 2850 confusio
881 2783 997 2852 exinde
1009 2785 1094 2850 faeta
1100 2787 1142 2850 sit
1152 2787 1185 2852 in
1197 2788 1285 2854 omni
1293 2785 1393 2851 ecele-

275 2874 333 2952 sia,
348 2869 493 2956 indigere
509 2869 637 2936 videtur
650 2869 818 2954 tragoedia
833 2873 936 2955 magis
952 2892 1048 2956 quam
1060 2869 1201 2938 historia.
1222 2874 1341 2958 Magno
1357 2891 1393 2936 se

274 2953 381 3020 iudice
398 2955 468 3040 quis
493 2977 534 3019 ue
551 2963 668 3036 tuetur,
685 2953 762 3018 dum
776 2962 911 3040 uterque
926 2976 985 3019 rex
1000 2956 1081 3020 iuste
1097 2977 1130 3020 se
1144 2978 1235 3021 arma
1248 2955 1393 3022 induisse

275 3037 459 3121 arbitratur,
514 3037 662 3102 enrichus
678 3035 810 3119 seilicet,
826 3036 912 3136 quod
925 3048 1020 3103 natus
1038 3049 1069 3104 et
1083 3040 1221 3106 nutritus
1242 3042 1275 3104 in
1290 3062 1394 3126 regno

275 3121 484 3190 successisset
513 3119 770 3208 progenitoribus
799 3143 866 3186 su1s
892 3121 925 3185 in
952 3143 1089 3210 regnum
1117 3146 1158 3188 ex
1180 3124 1244 3188 Dei
1265 3123 1393 3190 ordina·

124 3239 192 3282 nom.
201 3235 263 3279 sas
274 3207 370 3288 tione,
386 3227 425 3272 ac
440 3205 574 3293 proinde
588 3206 767 3292 accepisset
779 3206 871 3271 iuxta
886 3205 1063 3272 doctrinam
1078 3207 1215 3293 apostoli
1229 3207 1392 3275 vindicem

275 3289 420 3377 gladium
448 3291 482 3355 in
509 3291 626 3377 impios
654 3300 750 3378 atque
771 3290 875 3356 iustos
896 3289 948 3356 vel
968 3289 1123 3356 eeclesiae
1144 3291 1197 3358 vel
1218 3293 1264 3358 rei
1286 3291 1393 3380 publi-

276 3396 343 3458 cae,
372 3374 530 3442 Rudolfus
551 3385 668 3458 autem,
700 3374 787 3461 quod
815 3373 967 3442 obediens
990 3397 1059 3442 esse
1087 3373 1218 3443 deberet
1270 3379 1393 3444 ontifioi

276 3459 361 3524 sedis
382 3459 587 3547 apostolicae,
611 3462 665 3546 qui
679 3482 738 3546 per
752 3461 923 3546 episcopos
944 3480 1021 3524 suae
1043 3461 1143 3546 partis
1163 3401 1395 3560 praedicasset,

276 3567 351 3610 eum
363 3566 429 3609 uon
441 3547 542 3611 teneri
557 3545 732 3610 obnoxium
748 3544 882 3630 periurii
896 3541 947 3610 vel
963 3544 1126 3630 perfidiae,
1146 3568 1172 3609 ss
1189 3556 1299 3612 contra
1317 3569 1392 3612 eum

275 3649 366 3692 arma
381 3627 513 3711 tulisset,
537 3630 601 3714 qui,
622 3637 733 3728 utpote
754 3629 1062 3710 excommunicatus,
1084 3652 1144 3694 rex
1164 3631 1229 3694 iam
1243 3651 1313 3696 esse
1327 3651 1393 3694 non

275 3723 399 3798 posset3
422 3734 494 3777 oum
509 3713 569 3776 hoc
584 3713 635 3795 sit,
656 3714 814 3798 mquiunt,
837 3711 914 3777 fidei
928 3721 1023 3799 atque
1037 3711 1180 3779 fidelium
1194 3715 1227 3778 in
1242 3713 1392 3794 ecelesia,

277 3795 423 3864 occidere
438 3796 560 3862 scilicet
570 3817 608 3861 ao
619 3797 770 3884 persequi
785 3818 849 3880 eos,
865 3799 1048 3885 quicunque
1059 3801 1331 3864 communicantes
1342 3796 1394 3864 vel

276 3985 301 4040 a)
318 3989 402 4028 dieitur
417 3987 474 4036 Aua.
533 3985 557 4036 b)
580 3987 623 4038 Ap.
640 3987 695 4037 Any.
711 3988 799 4038 kpimus
814 3989 860 4028 ita:
883 3989 971 4036 Quibus
987 3989 1079 4031 dieunt:
1097 3990 1148 4031 Pax
1162 3989 1299 4030 vobiscum?
1329 3989 1393 4038 Quos

276 4051 414 4098 separante
429 4057 487 4098 paee
503 4047 564 4086 orbis
580 4050 701 4088 terrarum.
731 4048 761 4087 Et
777 4048 860 4096 quihus
875 4048 972 4088 dicitur:
994 4050 1024 4089 ut
1040 4059 1091 4088 cum
1106 4050 1188 4100 spiritu
1204 4049 1260 4089 tuo?
1289 4049 1335 4098 Qui
1351 4049 1396 4088 dis·

276 4108 408 4150 sensionem
423 4107 595 4158 amplectuutur
610 4110 633 4146 et
646 4106 727 4146 odiunt
741 4117 832 4157 paoem.

279 4250 306 4315 1)
327 4252 469 4317 Augustini
488 4253 515 4301 in
536 4266 633 4317 euung.
646 4250 775 4302 Iohannis
795 4265 818 4300 c.
837 4251 877 4313 17,
896 4257 972 4302 tract.
990 4251 1050 4314 104,
1070 4252 1159 4317 Opera
1178 4251 1232 4315 ΙΙΙ,
1244 4253 1269 4314 2,
1289 4269 1315 4318 p.
1331 4250 1395 4304 758.

277 4322 308 4389 2)
327 4325 625 4390 Augustini'suarretio
651 4326 679 4374 in
702 4323 833 4391 psalmum
860 4323 920 4386 125,
947 4325 1033 4390 Opere
1052 4324 1099 4386 IV,
1118 4325 1143 4385 2,
1163 4342 1188 4390 p.
1211 4323 1290 4377 141⁷.
1314 4323 1394 4380 1418.

277 4399 306 4463 3)
326 4397 467 4465 Augustini
485 4399 513 4449 iu
533 4413 630 4464 eueng.
649 4397 778 4450 Iohannis
799 4413 823 4450 c.
845 4397 886 4465 14,
907 4403 985 4448 treet.
1007 4395 1049 4462 78,
1069 4397 1159 4462 Opera
1171 4398 1224 4460 111,
1245 4399 1270 4461 2,
1289 4415 1315 4466 p.
1331 4397 1395 4455 698.
