3114 4814
306 366 356 416 DE
375 365 533 418 UNITATE
552 369 756 422 EOOLESIAE
777 371 1053 424 CONSERVANDA.
1192 373 1242 422 143

121 539 196 590 ribus
221 536 300 590 etiam
324 541 494 605 quorundam
518 543 686 594 sacerdotum
710 544 792 596 corda
819 543 992 608 consentiunt,
1022 546 1071 609 uel,
1099 554 1128 596 ut
1154 547 1244 599 nitius

122 610 244 674 dixerim,
269 629 324 664 non
349 611 482 666 resistunt.
523 615 585 678 Qua
608 616 769 668 conscientia
794 617 918 670 honorem
936 617 988 670 sibi
1005 619 1148 671 sacerdotii
1161 637 1244 686 prae·

122 685 211 736 stitum
229 684 381 750 vendicant,
401 688 448 753 qui
462 705 514 754 pro
533 689 675 742 animabus
693 689 744 742 sibi
763 691 869 742 creditis
888 709 941 743 non
960 691 1104 743 laboranti
1136 693 1245 746 Bestiae

122 757 239 821 irruunt,
266 766 290 810 et
315 757 405 811 ouium
429 768 505 826 septa
522 779 577 814 non
596 765 735 816 claudunt.
773 763 861 818 Fures
879 765 1054 830 insidiantur,
1074 774 1099 817 et
1118 767 1244 818 excubias

123 848 177 882 non
190 832 381 897 praetendunt.
410 833 500 886 Morbi
518 835 691 900 nutrescunt,
708 837 862 890 etremedia
881 839 957 888 nulla
971 838 1148 906 prospiciunt.
1180 838 1244 891 Oum

125 911 211 956 autem
229 904 299 956 illud
319 905 433 970 addunt,
452 915 482 960 ut
499 909 541 961 tis
559 910 606 976 qui
627 910 764 962 sollicitius
788 917 872 978 ayunt
891 911 1036 965 consentire
1060 913 1201 965 detrectent
1220 921 1244 966 et

123 977 321 1044 impietatibusa
340 979 402 1032 olim
420 986 472 1033 toto
491 983 553 1035 orbe
572 977 728 1036 damnatish
755 983 990 1049 subscriptionibus
1014 986 1070 1037 suis
1089 986 1243 1038 anatliema-

124 1051 207 1103 tizare
220 1051 394 1117 dissimulent,
414 1055 479 1120 quid
498 1057 531 1108 de
550 1073 577 1108 se
596 1057 709 1126 intelligi
726 1057 826 1121 uolunt,
845 1057 900 1110 nisi
918 1059 990 1124 quod
1001 1065 1074 1111 non⁰
1088 1060 1121 1111 de
1134 1076 1243 1112 numero

116 1134 248 1199 fratrum,
267 1137 313 1188 sed
331 1137 364 1189 de
380 1145 459 1202 parte
477 1139 530 1190 sint
549 1139 680 1191 testium?
718 1123 762 1188 Et
783 1127 899 1189 iterum
921 1126 1028 1191 idem1
1059 1129 1114 1213 qui
1135 1149 1243 1212 supra,

124 1199 247 1296 scillaei
260 1201 326 1268 Leo
341 1225 441 1291 papa:
465 1221 527 1274 Non
546 1221 580 1296 sit
594 1224 738 1290 peruersis,
757 1209 871 1293 inquit,
894 1226 1012 1290 liberum,
1031 1225 1157 1278 simulare
1172 1225 1244 1292 quad

116 1291 234 1358 pinquat,
262 1310 295 1345 ne
322 1294 371 1345 sub
399 1295 529 1348 uelamine
556 1295 671 1348 nominis
699 1297 838 1350 christiani
870 1300 1034 1352 decretorum
1064 1297 1244 1365 imperialium

124 1372 225 1416 statuta
250 1367 398 1430 declinent;
422 1369 487 1435 quia
510 1368 570 1422 idco
595 1371 632 1422 ad
655 1371 812 1423 catholicam
831 1371 966 1426 ecclesiam
985 1390 1044 1424 cum
1061 1379 1138 1424 tanta
1157 1373 1244 1424 cordis

124 1438 278 1492 diuersitate
296 1442 464 1507 converiunt,
484 1452 513 1494 ut
531 1461 597 1510 quos
612 1445 716 1510 possint
734 1445 913 1511 suasfaeiant
932 1452 956 1497 et
970 1447 1055 1514 lupum
1070 1446 1243 1508 seueritatem,

124 1520 189 1572 dum
218 1538 245 1573 se
273 1531 376 1575 nostros
404 1525 576 1591 mentiuntur,
605 1526 742 1595 effupiant.
792 1513 884 1578 Sicut
916 1514 1001 1578 enim
1034 1513 1081 1578 ait
1113 1523 1244 1578 sanctus

124 1589 362 1674 Augustinus²t
390 1605 498 1658 Inimici
521 1607 618 1661 onusti
641 1611 681 1662 ita
705 1612 830 1675 sentiunt,
856 1612 959 1663 nullum
981 1612 1033 1663 sibi
1058 1629 1112 1665 esse
1134 1613 1244 1678 pondus

125 1679 291 1731 auctoritatis
317 1679 354 1732 ad
377 1677 546 1733 suadendum
571 1684 643 1750 quod
662 1681 942 1749 proferturdnontra
966 1684 1114 1738 doctrinam
1139 1683 1244 1747 Christi,

125 1762 209 1813 dimit
228 1761 252 1812 a·
270 1780 324 1814 non
343 1758 457 1815 natent!
477 1781 571 1816 nomen
594 1763 698 1818 Otrtsu.
739 1751 792 1816 De
818 1761 923 1816 cetero
949 1753 1042 1816 Deus
1062 1751 1368 1838 patientiae'som.1a,

125 1839 154 1894 et
174 1830 286 1895 solatii
307 1831 360 1895 det
381 1832 482 1911 uobis,
494 1832 636 1916 fratres,
659 1835 696 1898 id
717 1835 826 1919 ipsum
849 1859 966 1921 sapere
991 1840 1028 1901 in
1052 1836 1254 1902 alterutrum
1285 1837 1336 1880 Μ·

124 1915 302 1978 secundum
331 1916 440 1980 Iesum
465 1916 638 1997 Christum,
667 1928 703 1980 ut
724 1922 900 1985 unanimes
921 1943 988 1985 uno
1011 1943 1065 1985 ore
1087 1919 1243 2004 honorifi-

123 1999 202 2063 cetis
224 1999 331 2063 Deum
359 2009 387 2064 et
412 1999 541 2065 Patrem
567 2002 694 2068 domini
722 2005 829 2069 nostri
855 2005 931 2069 Iesu
957 2005 1087 2085 Clitisti,
1118 2005 1170 2068 aui
1197 2014 1246 2069 est

124 2080 227 2146 honor
248 2093 280 2148 et
300 2081 403 2168 gloria
424 2085 458 2148 in
480 2083 608 2152 sacciula
629 2087 842 2151 saeculorum.
886 2091 1003 2153 Amen.

577 2271 713 2336 LIBER
733 2273 794 2338 ΙΙΙ.

200 2379 224 2428 1.
253 2377 328 2430 Deus
346 2379 435 2446 itaque
454 2395 572 2432 summus
591 2387 615 2432 et
634 2397 713 2432 uerus
732 2399 790 2433 cum
808 2382 890 2434 Verbo
910 2399 958 2434 suo
977 2390 1001 2433 et
1020 2379 1126 2448 Spiritu
1144 2387 1244 2446 sancta,

125 2467 193 2516 quae
222 2453 275 2503 tria
299 2469 382 2504 unum
406 2459 477 2517 sumt,
503 2453 579 2504 Deus
597 2470 677 2517 unus,
701 2456 863 2520 omnipotens
889 2464 912 2507 et
922 2458 1017 2520 factor
1035 2454 1119 2506 omnis
1139 2455 1246 2507 animae

125 2531 203 2591 atque
221 2524 305 2577 omnis
325 2527 451 2592 eorporis,
470 2525 545 2577 attus
564 2535 625 2578 sunt
639 2526 848 2594 participatione
860 2529 992 2592 felicest,⁸
1017 2529 1064 2593 qui
1075 2527 1144 2594 fecit
1163 2528 1245 2580 lionei-

123 2615 182 2649 nem
201 2597 333 2651 rationale
353 2599 457 2651 animat
476 2616 509 2651 em
530 2599 621 2650 anima
641 2609 665 2650 et
684 2618 799 2665 corpore,
820 2602 867 2667 qui
885 2618 943 2652 eum
957 2609 1111 2668 peccmitem
1129 2618 1178 2652 nec
1196 2599 1245 2651 im-

118 2671 246 2736 punitum
262 2689 318 2724 esse
325 2671 449 2739 permisit
466 2689 514 2724 nec
533 2673 590 2724 sine
608 2671 793 2724 misericordia
805 2673 953 2740 dereliquit,
973 2672 1019 2740 qui
1038 2673 1111 2725 lonis
1130 2681 1155 2726 ct
1167 2675 1246 2724 malis

123 2745 263 2796 essentiam
286 2747 365 2798 etiam
390 2763 449 2798 eum
474 2745 620 2812 lapidibus,
646 2747 728 2796 uitam
747 2747 898 2798 seminalem
916 2764 974 2798 cum
994 2747 1143 2810 arboribus,
1163 2745 1245 2798 eitam

124 2820 273 2870 sensualem
298 2821 377 2872 etiam
400 2837 459 2871 aum
483 2819 629 2886 pecoribus,
656 2820 738 2872 uitam
762 2820 963 2872 intellectualem
983 2837 1042 2872 cum
1060 2820 1123 2872 solis
1143 2818 1245 2888 anpelis

125 2891 206 2955 dedit,
233 2909 251 2943 a
275 2909 327 2958 quo
352 2900 389 2946 cst
414 2893 499 2945 omnis
522 2894 625 2956 modus,
652 2895 735 2944 omnis
761 2895 867 2959 species,
891 2893 975 2946 omnis
999 2893 1074 2957 ordo,
1100 2910 1118 2943 a
1135 2909 1188 2960 quo
1207 2901 1246 2944 est

124 2981 259 3029 mussare,
284 2983 420 3033 numerus,
442 2967 560 3033 pondus,
586 2983 603 3017 a
628 2983 679 3032 quo
704 2975 742 3018 est
767 2967 895 3034 quioquid
912 2967 1074 3020 naturaliter
1090 2974 1137 3031 est,
1157 2965 1245 3018 cuius-

125 3055 228 3104 cunque
250 3041 353 3106 pencris
377 3049 423 3104 est,
443 3040 579 3092 cuiuslibet
603 3040 794 3092 aestimationis
813 3049 860 3105 est,
887 3060 905 3092 a
923 3047 1052 3106 quaeunt
1070 3040 1246 3106 seminafor·

124 3129 239 3174 marum,
258 3113 353 3176 forma
378 3115 516 3178 seminum,
540 3122 625 3165 motus
644 3114 773 3166 seminum
792 3123 870 3180 atque
881 3115 1046 3182 formarum,
1064 3113 1112 3179 qui
1130 3114 1203 3165 dedit
1223 3122 1247 3165 et

124 3185 203 3238 carni
215 3185 350 3251 oripinern,
359 3187 595 3251 pulchritudinem,
608 3188 797 3252 ualetudinem,
813 3186 1017 3256 propapationis
1025 3187 1246 3253 foecunditatem

123 3257 299 3309 membrorum
312 3258 516 3324 dispositionem,
536 3263 648 3313 salutem
661 3259 826 3326 concordiae,
846 3262 892 3327 qui
911 3270 935 3313 et
948 3261 1054 3312 animae
1066 3259 1248 3312 irrationabili

124 3330 279 3383 memoriam
303 3329 385 3394 dedit,
409 3350 523 3397 sensum,
549 3335 703 3400 appetitum,
726 3334 857 3386 rationali
881 3343 969 3386 autern
994 3335 1105 3400 insuper
1127 3339 1246 3396 mentem,

124 3403 334 3471 intellipentiam,
353 3405 522 3470 uoluntatem,
541 3406 589 3473 qui
607 3425 661 3459 non
680 3409 764 3460 solum
784 3409 885 3459 caelum
909 3416 933 3459 et
956 3414 1064 3469 terram,
1088 3423 1136 3458 nec
1161 3407 1247 3457 solnm

126 3479 250 3546 ampelum
268 3483 292 3528 et
311 3477 449 3542 hominem,
468 3480 516 3532 sed
534 3497 581 3531 nec
599 3481 689 3548 eaipui
708 3488 732 3532 et
751 3481 949 3546 contemptibilis
971 3479 1114 3531 animantis
1133 3478 1246 3543 uiscera,

124 3567 173 3604 neo
193 3551 250 3602 auis
265 3552 414 3616 pennulam
432 3567 480 3604 noc
499 3553 595 3604 herbae
606 3555 749 3620 flosculum
767 3571 815 3606 nec
830 3552 934 3605 arboris
945 3551 1047 3621 folium
1065 3552 1123 3606 sine
1136 3569 1247 3604 suarum

121 3625 244 3692 partium
268 3624 449 3676 conuenientia
475 3633 498 3678 et
517 3626 635 3692 quadam
654 3628 735 3679 ueluti
749 3644 817 3693 pace
836 3625 988 3694 dereliquit:
1016 3625 1058 3677 ltic
1076 3626 1150 3678 nullo
1169 3626 1247 3677 moda

127 3708 166 3751 ost
185 3699 332 3751 credendus
351 3715 434 3768 repna
453 3698 595 3761 lominum,
615 3717 704 3752 aarum
723 3701 917 3754 dominationes
937 3707 960 3753 et
977 3698 1115 3752 servitutes
1139 3717 1156 3750 a
1181 3716 1247 3751 suae

122 3781 311 3848 prouidentiae
325 3779 424 3850 lepidus
441 3781 543 3832 alienas
560 3797 614 3834 esse
626 3781 750 3848 uoluisse,
768 3770 850 3834 sicut
865 3766 979 3833 scribit
990 3776 1120 3833 sanctus
1134 3765 1246 3851 Augu·

125 3975 149 4026 a)
165 3976 297 4026 impietates
313 3976 364 4016 Leo.
438 3973 463 4027 b)
484 3975 604 4015 damnatas
619 3975 669 4016 Leo.
744 3975 766 4028 u)
787 3979 819 4017 tta
834 3979 891 4027 Lea5
914 3980 969 4018 deest
985 3980 1007 4018 1.
1078 3977 1102 4029 d)
1125 3975 1248 4027 proterunt

124 4034 182 4085 Auo.
251 4034 274 4086 o)
289 4036 346 4097 deest
361 4033 417 4084 Aua.
487 4033 604 4084 ohabeat
618 4034 675 4084 Aua.
741 4034 765 4087 g)
782 4038 858 4076 assunt
874 4037 939 4078 osric
954 4037 1086 4087 Auosutim:
1106 4035 1246 4086 quicumque

123 4099 179 4134 suut
193 4095 299 4147 veritato,
314 4106 362 4136 nou
377 4096 482 4136 vanitate
496 4093 586 4134 taliaes.

123 4257 217 4380 31Ιὲ
238 4271 262 4307 ο.
290 4256 400 4380 1120595.
476 4255 506 4324 2)
531 4256 654 4322 August„
679 4257 721 4307 De
748 4271 880 4308 consensu
900 4255 1023 4321 susngal.
1039 4255 1085 4307 lib.
1105 4254 1129 4319 1,
1155 4254 1246 4322 Opera

173 4367 180 4393 s
219 4347 272 4398 ‚p.
329 4367 336 4382 ·
1232 4351 1253 4377 ”
