3098 4818
449 325 570 376 BRUNO
589 325 639 376 DE
657 326 777 378 BELLO
797 326 984 378 SAXONIOO.
1245 327 1280 378 23

158 491 303 556 moniam
325 491 417 573 fecit,
439 492 567 573 dicens,
590 491 678 576 quod
721 493 821 556 riores
843 515 920 558 suae
935 492 1132 579 expulsionis
1145 494 1358 559 iniuriamne

159 575 225 640 sibi
245 597 332 640 nunc
353 575 439 640 leves
455 585 569 657 essent,
590 576 668 640 istas
684 515 745 639 sibi
759 599 792 639 m
858 598 894 640 as
909 587 941 642 et
954 575 1146 641 insanabiles
1160 577 1278 660 videri3

158 661 196 722 in
222 659 383 745 prioribus
413 681 448 724 se
476 682 552 724 cum
580 660 646 722 suis
672 661 810 758 principi
833 683 871 724 us
892 660 990 726 fuisse
1012 661 1217 747 despectum,
1245 662 1281 725 in

161 743 231 806 istis
246 765 320 807 vere
336 765 394 806 suo
411 765 605 828 suorumque
626 743 793 828 despectm
814 745 1021 810 coniunctum
1043 768 1113 810 esse
1134 744 1280 810 coelestis

159 825 310 908 militiae,
342 836 375 891 et
402 826 489 912 quod
518 836 601 892 esset
628 826 677 890 his
706 829 825 910 maius,
857 829 1032 894 maiestatis
1058 829 1186 892 divinae
1208 849 1281 893 con-
1331 839 1333 844 ’

161 919 329 996 temptum.
372 910 456 974 Nam
483 911 624 975 narravit
652 911 697 974 eis
718 911 906 994 lacrimans,
936 914 1012 999 quia
1038 912 1116 976 dum
1136 912 1282 998 ipsorum

155 993 304 1058 consiliis
337 1002 448 1058 contra
476 1015 569 1060 suam
597 992 794 1060 voluntatem
823 996 940 1060 cedens
970 995 1153 1060 Saxonibus
1186 1018 1281 1059 suum

159 1075 327 1141 castellum
348 1077 449 1162 regali
478 1101 548 1142 sum
573 1086 607 1140 tu
636 1088 854 1142 constructum
875 1079 1013 1144 maderet
1034 1077 1281 1162 demoliendum,

160 1161 207 1224 illi
233 1183 299 1225 non
325 1160 444 1243 solum,
473 1184 537 1247 quo
588 1161 634 1224 eis
661 1164 853 1246 permissum
885 1172 966 1245 erat,
998 1162 1077 1226 illud
1108 1162 1281 1227 inhumano

157 1266 251 1309 more
273 1243 486 1327 destruerent,
509 1245 567 1310 sed
593 1245 725 1330 insuper
749 1248 978 1311 monasterium
998 1247 1071 1311 Deo
1099 1248 1281 1332 sanctisque

160 1338 394 1410 consecratum,
432 1330 544 1414 aganis
559 1329 707 1394 omnibus
723 1329 917 1394 crudeliores
931 1330 1075 1394 funditus
1093 1331 1281 1411 diruerent,

158 1433 231 1475 cam
257 1433 344 1494 anas,
376 1435 394 1476 c
429 1414 491 1476 'ces
513 1421 545 1477 et
573 1422 678 1477 cetera
706 1413 748 1476 ad
769 1413 923 1478 honorem
944 1415 1009 1478 Dei
1039 1413 1174 1479 collecta
1194 1412 1281 1478 velut

160 1517 220 1582 pro
234 1517 296 1560 ana
318 1496 554 1582 confringerent
573 1493 626 1560 vel
645 1495 754 1562 hostili
775 1497 981 1583 praedatione
1003 1497 1192 1584 diriperent,
1220 1497 1282 1560 fra

158 1590 243 1645 trem
264 1579 429 1667 filiumque
444 1602 546 1662 suum,
568 1589 740 1665 utrumque
761 1580 886 1666 prolem
907 1583 1040 1666 regiam,
1058 1579 1282 1646 miserabiliter

157 1685 181 1726 a
210 1662 365 1749 sepulcris
392 1666 511 1728 eiectos
538 1665 573 1726 in
599 1673 729 1727 ventum
758 1664 962 1730 membratim
987 1665 1220 1751 dispergerent,
1249 1673 1283 1729 et

183 1747 249 1810 uod
270 1747 320 1812 his
342 1747 490 1811 omnibus
505 1747 609 1832 magis
624 1758 708 1812 esset
722 1747 905 1830 nefandum,
928 1760 1112 1812 sanctorum
1130 1748 1281 1833 reliquias

158 1851 182 1892 a
231 1830 384 1896 altaribus
406 1832 505 1896 sacris
533 1831 721 1894 execrandis
749 1830 899 1895 manibus
920 1843 1027 1896 erutas
1048 1832 1137 1896 velut
1158 1834 1281 1895 inmun-

159 1913 256 1978 ditias
279 1915 433 2001 quasdam
454 1937 513 2000 per
541 1912 675 2000 profana
702 1913 774 1979 loca
799 1914 1000 2000 dissiparent.
1043 1916 1105 1980 His
1133 1915 1281 1981 omnibus

158 2019 226 2061 non
252 2001 320 2062 sine
350 1998 441 2084 largo
473 1997 551 2062 fletu
582 1999 738 2083 peroratis
771 1997 970 2084 singulorum
1001 1998 1100 2097 pedes
1134 1997 1281 2063 osculans

158 2083 279 2163 oravit,
308 2093 345 2147 ut
365 2085 393 2147 si
414 2105 479 2147 non
500 2103 592 2146 suam
619 2092 767 2147 curarent
787 2081 952 2147 vindicare
973 2083 1140 2164 imuriam,
1168 2080 1281 2146 saltem

158 2166 386 2231 contumeliam
406 2167 479 2232 Deo
501 2166 566 2230 Dei
590 2187 629 2228 ue
658 2167 777 2231 sanctis
805 2165 926 2230 illatam
954 2188 1119 2232 remanere
1139 2188 1205 2230 non
1225 2187 1281 2251 pa-

158 2259 302 2314 terentur
322 2251 466 2315 inultam.
502 2188 720 2316 Aitbaxones
742 2273 807 2314 non
828 2249 981 2315 dicendos
996 2273 1065 2314 esse
1081 2250 1279 2326 christianos,

157 2335 217 2480 qui
246 2355 320 2397 cum
354 2333 536 2420 supradicta
568 2332 688 2399 scelera
719 2336 753 2397 in
784 2334 880 2399 domo
903 2333 1024 2400 Ohristi
1055 2334 1210 2416 facerent,
1245 2355 1280 2398 se

191 2417 326 2480 hristum
354 2419 433 2480 necb
462 2438 570 2481 amare
598 2440 658 2482 nec
686 2419 799 2482 timere
826 2427 1050 2483 monstrarent.
1096 2417 1172 2482 Illos
1201 2438 1278 2482 vero

156 2501 278 2565 debere
302 2522 362 2647 per
389 2505 451 2563 hoc
484 2523 554 2564 esse
581 2523 615 2564 se
645 2499 765 2565 Christi
795 2500 905 2565 fideles
938 2501 1118 2584 ostendere,
1151 2504 1178 2565 si
1209 2499 1278 2565 zelo

158 2582 281 2648 Christi
316 2593 461 2648 erventes
483 2584 551 2648 eius
571 2584 702 2648 iniurias
722 2606 788 2648 non
809 2584 991 2648 dubitarent
1012 2586 1082 2670 ipso
1105 2586 1278 2649 adiuvante

158 2666 335 2732 vindicare.
371 2667 440 2730 Has
463 2667 679 2753 querimonias
702 2677 733 2732 et
755 2666 1014 2754 supplicationes,
1030 2667 1108 2731 dum
1130 2669 1278 2754 quotiens

156 2751 251 2815 fieret
280 2751 463 2838 principum
491 2761 665 2816 conventus
696 2759 869 2836 repeteret,
904 2773 1007 2815 annus
1038 2753 1164 2832 integer
1195 2749 1278 2815 evol·

156 2837 256 2916 vitur,
277 2845 449 2920 antequam
472 2855 531 2898 sua
551 2833 707 2916 voluntas,
728 2845 765 2899 ut
786 2835 820 2897 in
842 2833 1018 2899 Saxoniam
1032 2833 1149 2898 ducere
1170 2843 1280 2918 posset

157 2920 338 2983 exercitum
353 2917 574 3003 compleretur.
610 2918 759 3004 Namque
774 2939 884 2982 omnes
907 2920 963 3004 qui
983 2918 1128 2983 miserias
1149 2919 1279 2982 misera-

158 3001 257 3084 biles,
290 3024 369 3089 quas
396 3003 547 3066 intulerat
569 3001 730 3066 Saxoniae
752 3001 912 3083 sciebant,
946 3023 1021 3066 cum
1043 3023 1137 3066 omne
1158 2999 1279 3066 bellum

157 3108 210 3150 res
233 3087 274 3149 sit
295 3109 409 3172 aspera
429 3108 489 3150 uec
511 3087 604 3150 huius
626 3084 701 3150 belli
723 3087 800 3150 satis
821 3095 945 3170 pateret
965 3087 1082 3150 idonea
1102 3107 1214 3165 causa,
1237 3084 1280 3150 ad

155 3169 371 3234 differendum
407 3170 468 3234 hoo
507 3168 625 3235 bellurn
663 3169 820 3256 quaslibet
856 3171 1040 3235 occasiones
1073 3169 1278 3255 quaerebant

157 3252 256 3332 Quod
282 3253 343 3316 nisi
370 3252 542 3317 Rodulfum
572 3254 687 3317 ducem
715 3253 908 3334 Suevorum,
943 3253 1071 3339 quando
1101 3276 1175 3317 cum
1202 3275 1279 3336 rege

156 3335 272 3399 foedus
301 3337 438 3418 inibant,
464 3346 501 3400 ut
527 3336 769 3421 supradictum
796 3345 859 3419 est,
888 3339 1033 3401 Saxones
1061 3336 1278 3417 offendissent,

156 3418 265 3483 adhuc
279 3419 413 3484 forsitan
433 3442 492 3483 rex
513 3422 623 3505 copias
646 3429 757 3484 contra
773 3419 949 3484 Saxoniam
963 3442 1029 3484 non
1043 3418 1184 3484 haberet.
1220 3417 1279 3483 Ille

157 3503 246 3566 enim
267 3503 496 3584 aSaxonibus,
518 3525 655 3589 quorum
677 3502 860 3568 confidebat
881 3502 1001 3568 auxilio
1024 3504 1186 3588 deceptus,
1208 3502 1279 3600 regi

158 3587 321 3672 quomodo
350 3597 477 3671 poterat
502 3587 739 3668 reconciliatur,
772 3595 805 3650 et
831 3587 861 3651 ei
888 3587 1011 3673 primus
1040 3608 1074 3650 se
1107 3609 1182 3650 cum
1211 3607 1278 3650 stus

156 3669 307 3734 omnibus
335 3669 480 3736 Saxones
507 3670 663 3736 hostiliter
683 3672 870 3734 invasurum
897 3669 1075 3756 pollicetur.
1120 3669 1186 3735 Sed
1207 3669 1278 3752 hoo,

157 3763 195 3818 ut
216 3753 295 3834 dixi,
316 3764 390 3840 post
410 3776 528 3818 annum
550 3755 605 3819 fiet
626 3757 796 3839 integrum.

242 3840 294 3904 36.
336 3839 462 3903 Interea
483 3839 588 3902 missis
609 3860 685 3903 vero
707 3839 741 3901 in
762 3859 872 3902 omnes
895 3838 1146 3923 circumquaque
1167 3846 1279 3922 gentes

156 3920 286 4019 legatis,
310 3921 475 4004 donando,
497 3923 619 3986 maiora
640 3920 870 4007 promittendo,
892 3931 1024 3986 cunctos
1046 3921 1074 3984 si
1096 3929 1204 4006 posset
1225 3919 1281 3983 ho-

156 4028 261 4070 mmes
291 4005 476 4072 Saxonibus
502 4004 606 4070 voluit
630 4005 737 4070 hostes
765 4004 909 4085 efficere,
943 4005 1018 4091 quia
1045 4026 1110 4068 non
1137 4014 1203 4068 tam
1225 4023 1280 4067 eos

157 4111 237 4154 suae
259 4093 417 4175 potestati,
440 4088 527 4175 quod
548 4087 663 4154 leviter
683 4088 774 4154 fieret
794 4089 862 4153 sine
883 4087 977 4170 bello,
998 4086 1154 4168 subicere,
1204 4107 1281 4150 uam

158 4173 302 4238 fimditus
341 4176 382 4241 ab
411 4175 577 4238 hominum
614 4195 747 4237 numero
778 4172 952 4258 quaerebat
988 4170 1139 4236 adimere.
1228 4173 1282 4235 uci

157 4319 184 4372 a)
201 4322 322 4362 diruerunt
338 4326 357 4364 l.
417 4320 440 4374 b)
457 4333 482 4364 ne
498 4332 542 4363 nec
557 4321 674 4363 Ghrlstum
691 4324 710 4363 1.
