3114 4814
306 345 358 395 128
488 344 538 396 DE
559 343 718 394 UNITATE
738 341 944 392 auctusne:
964 338 1242 393 CONSERVANDA.

305 534 414 576 omnes
438 512 562 596 species
584 511 749 574 virtutum.
782 506 847 573 Sed
869 507 942 594 plus
966 530 1063 595 quam
1085 505 1288 592 euangelium
1304 506 1427 572 Christi

304 607 336 660 ot
363 597 552 659 mandatum
582 594 645 658 Dei
666 591 774 656 valent
802 594 837 656 in
865 593 1067 657 monasteriis
1089 593 1157 654 suis
1178 591 1427 657 consuetudines

304 702 425 760 eorum,
448 701 531 766 quae
553 689 627 742 sunt
648 677 800 742 mandata
818 676 993 742 hominum.
1027 675 1114 739 Hinc
1129 675 1225 740 etiam
1241 674 1425 760 Cyprianus

303 765 474 850 episeopus
496 766 530 827 in
551 763 634 826 libro
656 762 696 826 de
718 762 840 826 unitate
863 759 1039 824 catholicae
1060 759 1251 824 ecclesiae1:
1280 773 1355 837 Fuit,
1378 761 1425 822 in·

303 849 382 934 quit,
403 861 506 926 Aaron,
532 862 578 928 qui
602 860 785 926 imposuerunt
811 861 893 910 altari
917 860 1004 926 ipnem
1029 859 1155 922 alienum,
1176 875 1251 924 quem
1271 873 1326 907 non
1340 874 1423 922 prae·

143 944 409 1006 st.‡10,1.s.ceperat
432 936 516 998 Deus,
545 935 575 985 in
604 942 744 1000 conspectu
772 931 863 984 statim
890 932 1002 984 Domini
1030 931 1192 983 vindicantis
1222 929 1330 982 extincti
1354 938 1423 984 sunt.

305 1011 376 1072 Quos
401 1008 541 1061 imitantur
565 1007 663 1059 seilicet
692 1013 771 1073 atque
790 1014 932 1069 sectantur,
957 1005 1012 1072 qui,
1032 1004 1086 1056 Dei
1105 1005 1247 1056 traditione
1267 1010 1423 1069 contempta,

303 1085 406 1135 alienos
426 1082 561 1134 doctrinas
581 1089 710 1147 appetunt
729 1089 753 1133 et
771 1079 927 1148 mopistcria
945 1079 1078 1130 humanae
1093 1077 1266 1130 institutionis
1283 1075 1423 1130 inducunt.

306 1156 376 1219 Quos
401 1155 523 1221 increpat
548 1154 679 1206 Dominus
699 1162 723 1206 et
748 1154 871 1220 obiurpat
888 1154 918 1204 in
938 1153 1076 1218 cuanpslio
1095 1168 1152 1214 sao,
1172 1150 1276 1203 dmeru:
1305 1149 1422 1201 ‘Reicitis

142 1239 462 1310 uararfflamandatum
485 1235 547 1300 Dei,
573 1242 602 1287 ut
627 1233 795 1287 traditionem
813 1243 929 1287 uestram
946 1231 1089 1286 statuatis'.
1126 1233 1216 1297 Peius,
1241 1217 1352 1302 lnquit,
1375 1233 1423 1284 hoc

303 1313 401 1364 crimen
427 1319 472 1372 est,
498 1327 578 1374 quam
603 1309 675 1375 qnod
700 1307 839 1360 admisisse
864 1307 935 1374 lapsi
960 1308 1093 1370 uidentur,
1112 1307 1160 1372 qui
1178 1315 1266 1360 tamen
1284 1307 1313 1356 in
1328 1305 1423 1372 poeni·

302 1385 385 1437 tentia
411 1383 527 1434 miminis
552 1381 685 1433 constituti
703 1380 848 1432 Dominum
868 1380 958 1446 plenis
984 1378 1211 1446 satisfactionibus
1236 1381 1422 1446 deprecantur.

302 1459 355 1509 Hic
368 1457 477 1509 eeclesia
496 1456 634 1522 quaeritur
653 1464 677 1506 et
695 1460 815 1521 ropatnr,
834 1453 889 1505 illic
908 1453 1018 1506 ccclesia
1035 1453 1240 1519 impugnatur&
1268 1453 1323 1504 Hic
1337 1459 1424 1518 potest

301 1531 444 1582 necessitas
461 1529 560 1594 fuisse,
586 1528 640 1579 illic
664 1529 787 1578 volneratos
811 1534 914 1579 tenetur
937 1525 967 1578 in
985 1527 1089 1578 scelere.
1126 1526 1180 1577 Hic
1198 1527 1245 1591 qui
1270 1527 1363 1591 lapsus
1387 1533 1424 1577 est

303 1603 353 1655 sibi
381 1610 485 1654 tantum
512 1600 615 1662 nocuit,
647 1599 704 1651 illic
733 1601 779 1666 qui
806 1601 908 1652 dereses
939 1609 964 1652 et
988 1598 1114 1652 scismata
1132 1599 1227 1664 facere
1251 1607 1360 1652 conatus
1386 1603 1424 1650 est

302 1679 396 1728 multos
412 1691 499 1726 secum
518 1674 648 1725 tradendo
661 1673 770 1740 decepit.
796 1673 850 1724 Hic
866 1675 970 1725 animae
983 1673 1064 1724 unius
1077 1680 1115 1724 est
1130 1673 1265 1736 damnum,
1285 1671 1341 1724 illic
1349 1671 1423 1738 peri·

303 1751 391 1800 culum
404 1747 592 1815 plurimorum.
622 1742 898 1813 compescueritis
917 1755 941 1799 et
953 1746 1075 1812 inteltiqtt
1093 1751 1116 1796 et
1129 1746 1290 1797 lamentatur
1309 1754 1333 1798 et
1341 1747 1423 1811 plan-

302 1822 349 1890 pit,
367 1824 412 1873 ille
431 1832 533 1872 tumens
551 1820 582 1872 in
595 1827 705 1886 peccato
724 1837 773 1872 suo
792 1826 816 1872 et
834 1821 863 1870 in
881 1820 948 1886 ipsis
975 1818 1026 1870 siti
1049 1818 1150 1870 delictis
1164 1819 1275 1884 placens
1299 1837 1317 1869 a
1338 1825 1423 1870 matre

294 1895 369 1962 filios
394 1901 521 1963 seprepat,
547 1911 607 1946 oues
634 1912 652 1944 a
670 1902 781 1960 pastore
805 1893 938 1958 sollicitat,
964 1892 1017 1945 Dei
1041 1898 1209 1944 sacramenta
1233 1892 1375 1957 disturbat,
1399 1898 1424 1943 et

303 1995 361 2028 cum
374 1978 465 2042 lapsus
479 1977 558 2028 semel
589 1975 724 2039 secaverit,
738 1976 782 2028 ille
796 1976 891 2028 cotidie
901 1983 1003 2041 peccat.
1030 1960 1120 2024 Haec
1137 1968 1212 2023 sunt
1222 1959 1322 2024 verba
1336 1959 1424 2023 beati

303 2044 458 2130 Cypriani
474 2042 513 2106 de
528 1994 704 2108 cultoribus
722 2043 882 2108 humanae
897 2041 1089 2124 traditionis,
1100 2065 1238 2129 quorum
1250 2052 1420 2107 eonsuetu-

302 2128 393 2192 dines
417 2126 561 2191 diversae
591 2127 721 2212 quidem
750 2139 824 2191 sunt
852 2128 886 2190 in
908 2127 1042 2191 diversis
1070 2125 1158 2208 loeis,
1187 2126 1245 2191 sed
1267 2124 1424 2212 quicquid

302 2212 464 2275 diversum
480 2221 537 2292 est,
554 2210 614 2274 hoc
628 2212 739 2296 utique
753 2233 867 2274 verum
882 2232 947 2274 non
962 2220 1025 2292 est;
1041 2221 1090 2276 est
1104 2211 1189 2275 enim
1203 2211 1295 2275 Deus
1309 2233 1423 2292 verax,

303 2295 407 2359 omnis
429 2303 538 2358 autem
559 2293 654 2357 homo
669 2295 819 2363 mendax,
853 2295 956 2380 Igitur
977 2293 1063 2359 utilis
1085 2306 1134 2360 est
1149 2294 1327 2381 Scriptura,
1350 2317 1424 2359 eum

303 2379 425 2463 absque
441 2377 536 2440 Patre
558 2399 623 2440 non
638 2378 806 2462 profertur,
829 2400 902 2442 cum
920 2377 1042 2464 absque
1058 2377 1184 2443 Christo
1207 2400 1272 2442 non
1294 2379 1421 2461 dieitur,

304 2483 379 2525 cum
395 2461 463 2525 sine
476 2459 601 2545 Spiritu
617 2472 728 2526 saneto
740 2484 805 2525 non
816 2471 1013 2542 assumatur,
1025 2461 1156 2549 alioqui,
1169 2464 1253 2526 sicut
1265 2463 1424 2548 Hierony-

194 2550 250 2591 nus.
260 2550 294 2600 ¹¹·
304 2567 376 2610 mus
387 2546 462 2626 ait²,
474 2543 621 2609 diabolus
634 2553 691 2625 est,
705 2546 812 2632 quide
824 2546 1151 2632 seripturisloquitur.
1177 2546 1258 2612 Cum
1269 2549 1355 2612 enim
1366 2551 1424 2612 irn-

197 2609 292 2651 ²⁴’²⁶'
303 2630 447 2694 mundus
455 2631 595 2714 spiritus
603 2633 720 2694 enierit
732 2631 772 2694 ct
781 2631 919 2712 domine,
928 2629 1050 2695 scilicet
1057 2640 1200 2714 tempore
1211 2629 1424 2715 baptismatis,

305 2712 450 2778 ambulat
462 2737 528 2799 per
546 2713 805 2798 locainaquosa,
822 2713 994 2800 explorans
1008 2716 1079 2798 ipse
1097 2713 1231 2779 callidus
1246 2714 1424 2796 insidiator,

304 2799 331 2862 si
344 2819 424 2884 quos
440 2819 515 2860 suae
530 2797 669 2862 malitiae
683 2820 813 2882 gressus
828 2798 928 2882 figere
942 2799 1044 2882 possit
1056 2800 1091 2862 in
1106 2797 1258 2863 cordibus
1272 2797 1425 2880 fidelium,

303 2903 387 2968 quae
408 2881 473 2944 iam
496 2893 677 2966 expurgata
698 2890 812 2946 sunta
833 2880 966 2945 mollitie
988 2881 1096 2948 fluxae
1111 2883 1324 2967 cogitationis.
1358 2881 1426 2948 Sed

304 2987 464 3050 quaerens
478 2967 620 3050 requiem
636 2975 665 3028 et
679 2988 747 3030 non
761 2967 933 3030 inveniens
948 2967 982 3028 in
993 2967 1155 3032 mentibus
1166 2965 1311 3031 fidelium
1323 2967 1427 3030 muni·

304 3049 345 3112 tis
367 3047 510 3132 undique
532 3070 573 3112 ex
589 3047 748 3112 mandatis
763 3045 905 3130 Domini,
926 3053 1100 3132 ‘revertar',
1125 3053 1204 3132 oit0,
1226 3053 1273 3114 ‘in
1296 3052 1426 3115 domum

304 3155 406 3196 meam
422 3132 510 3195 aride
526 3134 633 3197 eaioi'.
655 3133 782 3196 Etcum
792 3136 924 3215 uenerit,
939 3137 1066 3198 inuenit
1080 3157 1151 3199 earn
1162 3137 1271 3220 scopis
1284 3135 1426 3199 munda-

304 3225 381 3298 tam,
396 3214 500 3300 gratia
515 3215 638 3280 scilicet
652 3215 855 3302 baptismatis
876 3239 897 3280 a
910 3227 1117 3303 peccatorum
1139 3217 1211 3284 labe
1226 3219 1428 3304 castigatam,

304 3298 362 3364 sed
383 3297 471 3362 nulla
488 3299 562 3363 boni
585 3301 691 3386 operis
712 3300 870 3366 industria
892 3301 1097 3384 cumulatam,
1120 3303 1204 3388 quia,
1228 3301 1285 3366 ubi
1299 3323 1364 3366 non
1380 3311 1429 3367 est

303 3384 435 3466 iustitia,
456 3384 501 3448 ibi
516 3405 582 3448 non
597 3393 645 3448 est
658 3385 760 3448 virtus
775 3383 892 3470 aliqua.
926 3386 1032 3466 Quam
1051 3385 1183 3450 domum
1199 3387 1295 3451 etiam
1310 3407 1428 3450 vacan-

304 3479 369 3534 tem
384 3469 516 3550 invenit,
531 3490 551 3531 a
565 3468 658 3533 bonis
673 3467 795 3534 seilicet
809 3469 936 3534 actibus
951 3491 1010 3554 per
1020 3469 1259 3556 negligentiam,
1276 3480 1429 3535 ornatam

304 3560 411 3616 autem
441 3551 598 3616 simulatis
626 3552 799 3618 virtutibus
828 3574 887 3639 per
908 3552 1105 3638 hypocrisin,
1131 3563 1164 3620 et
1184 3565 1263 3619 tunc
1285 3555 1378 3620 vadit
1400 3563 1430 3619 et

305 3638 442 3700 assumit
463 3647 580 3720 septem
595 3637 678 3702 alios
700 3639 840 3720 spiritus
862 3641 1034 3734 nequiores
1053 3661 1095 3719 se,
1118 3648 1147 3703 et
1167 3641 1312 3737 inpressi
1333 3638 1427 3704 tatt-

304 3729 376 3782 tant
398 3720 454 3784 ibi.
487 3721 550 3784 Per
564 3730 687 3804 septem
709 3718 810 3784 malos
832 3721 963 3805 spintus
985 3722 1138 3786 universa
1159 3723 1237 3786 vitla
1259 3723 1430 3821 designan-

304 3811 365 3883 tur,
399 3801 537 3887 ideoque
570 3813 656 3868 recte
692 3804 862 3888 nequiores
899 3814 976 3868 tune
1010 3829 1084 3870 eum
1121 3807 1262 3892 ingressi
1295 3807 1429 3892 sp1ritus

306 3886 471 3967 dicuntur,
504 3887 578 3972 quia
606 3908 671 3950 non
698 3887 802 3951 solum
829 3885 883 3952 illa
911 3898 1034 3974 septem
1057 3891 1152 3972 vitia,
1192 3912 1275 3976 quae
1305 3899 1430 3976 septem

305 4067 328 4120 a)
345 4071 488 4120 repugnatur
503 4067 565 4119 cypr.
624 4066 649 4122 b)
665 4079 775 4120 peccasse
790 4081 815 4110 ss
831 4072 896 4122 cppr.
957 4069 979 4122 c)
995 4072 1051 4111 deest
1068 4074 1078 4111 1
1087 4083 1095 4122 ,·
1112 4071 1202 4114 Soteri.
1219 4071 1310 4112 addidit.

306 4227 334 4295 t)
364 4229 492 4296 Cypriani
518 4230 608 4296 Opera
633 4247 661 4298 p.
685 4230 748 4282 227.
842 4231 872 4299 2)
901 4233 1013 4283 Hieron.
1041 4231 1114 4283 Diel.
1140 4231 1203 4283 adr.
1229 4230 1431 4295 Luciferisnos3

305 4303 395 4369 Opera
413 4303 452 4367 II,
472 4320 498 4371 p.
516 4303 579 4355 202.
