3098 4818
298 374 334 427 110
591 369 712 421 BRUNO
730 368 780 418 DE
799 365 918 418 BELLO
938 365 1126 418 SAXONICO.

221 559 289 600 uu.
302 543 332 606 si
364 561 464 624 usque
497 541 533 602 iu
558 536 662 620 finem
684 535 801 618 fideles
833 545 862 600 et
892 536 1083 599 inconcussi
1113 535 1150 598 in
1183 535 1254 598 eius
1286 535 1423 597 ueritate

296 623 520 711 perstiteritis.
571 621 710 706 Propter
752 620 819 684 uod
851 628 879 682 et
910 641 970 684 nos
1002 620 1205 682 incessanter
1232 639 1298 702 pro
1331 617 1422 681 uobis

302 729 460 793 ropamus
487 705 594 769 Deum
602 714 627 786 ⁸,
662 713 699 768 ut
764 713 776 765 t
809 703 898 767 vobis
932 703 1084 768 uirtrnem
1119 701 1331 766 corroborari
1354 722 1423 786 per

304 791 331 857 S
356 793 471 855 iritum
492 798 641 853 sanctum
674 789 712 851 in
739 789 870 852 nomine
899 789 981 867 eius,
1008 795 1038 850 et
1064 795 1229 850 convertat
1254 808 1311 850 cor
1332 786 1423 871 repis

304 815 353 940 ai
397 875 620 955 oeuitentiam,
642 881 680 935 ut
700 881 729 935 ct
749 873 821 956 ipse
843 871 1027 956 aliquando
1042 879 1211 955 opnoscat,
1233 892 1293 934 nos
1315 879 1344 934 et
1364 891 1423 933 uos

302 982 357 1023 mu
371 968 401 1023 to
424 960 535 1023 uerius
556 978 670 1020 ornare
692 979 774 1036 eum,
818 978 895 1019 uam
918 957 977 1040 qui
992 977 1082 1018 nunc
1098 955 1169 1018 suis
1185 953 1421 1038 iniquitatibus

303 1043 525 1128 obsequuntur
556 1051 585 1106 et
602 1040 735 1125 fauent.
789 979 874 1112 guil
904 1041 934 1103 si
961 1038 1031 1102 Deo
1062 1039 1251 1122 inspirante
1284 1036 1424 1102 uoluerit

302 1127 508 1212 resipiscere,
537 1125 696 1223 quicquid
724 1131 839 1188 contra
871 1145 931 1187 uos
956 1120 1127 1203 molietur,
1159 1143 1286 1208 semper
1313 1130 1424 1184 tamen

303 1233 363 1274 uos
386 1209 432 1273 acl
452 1209 678 1292 recipiendum
699 1229 770 1272 eum
791 1208 828 1270 in
850 1216 999 1270 sanctam
1027 1207 1292 1286 communionem,
1317 1213 1422 1290 prout

303 1303 410 1358 uestra
432 1293 558 1357 caritas
579 1291 671 1356 nobis
693 1291 901 1371 consuluerit,
918 1299 1060 1374 paratos
1081 1291 1233 1354 inueniet.

226 1388 293 1430 1⁰⁸1·
388 1377 438 1441 73.
482 1376 602 1440 Postea
622 1396 709 1454 vero,
739 1383 775 1437 ut
796 1374 1162 1438 excommunicationem
1184 1395 1281 1459 quam
1302 1371 1424 1438 fecerat

304 1459 443 1546 amplius
459 1458 670 1540 confirmaret,
692 1456 751 1520 has
766 1455 887 1522 litteras
902 1457 989 1521 misit
1002 1457 1036 1520 in
1052 1457 1245 1522 Teutonicas
1259 1456 1426 1542 regiones:

391 1542 455 1607 Gre
480 1543 571 1607 orius
580 1553 621 1587 Μ
643 1543 950 1627 episcopusservus
971 1563 1138 1606 servornm
1152 1541 1226 1625 Dei,
1248 1539 1362 1607 dilecto
1383 1543 1423 1605 in

308 1627 435 1694 Christo
466 1629 553 1690 ratri
566 1625 635 1692 N.‘¹
657 1627 809 1711 episcopo
832 1624 968 1690 sulutem
991 1635 1020 1690 et
1042 1624 1255 1710 apostolicam
1276 1625 1423 1690 benedic-

304 1714 432 1778 tionem.
479 1709 574 1784 Quod
595 1710 640 1774 ad
656 1708 873 1795 perferendos
903 1709 1030 1774 labores
1052 1733 1091 1774 ac
1106 1708 1263 1795 periculo
1278 1731 1347 1795 pro
1368 1710 1423 1774 de·

296 1796 454 1882 fensioue
475 1795 624 1858 ueritatis
643 1803 672 1859 te
696 1803 858 1878 paratum
885 1793 1107 1879 intelligimus,
1141 1793 1249 1858 diuini
1275 1794 1425 1858 muneris

303 1901 371 1945 esse
400 1901 468 1943 non
494 1877 691 1959 dubitamus,
720 1881 836 1944 cuius⁰
865 1878 946 1942 Ilaec
974 1886 1020 1940 cst
1047 1875 1225 1962 ineffabilis
1251 1879 1366 1964 pratia
1394 1885 1425 1941 ct

303 1965 391 2028 mira
423 1963 601 2044 clementia,
633 1963 720 2048 quod
748 1984 927 2047 numquam
959 1959 1072 2026 electos
1099 1983 1175 2025 suos
1197 1963 1335 2051 penitus
1366 1961 1423 2024 ab·

304 2069 417 2113 errare
470 2047 614 2127 ermittit,
642 2068 823 2130 numquam
841 2044 1005 2130 funditus
1032 2044 1229 2129 labp‘actari
1256 2054 1314 2110 aut
1335 2045 1424 2110 deici

304 2133 393 2212 sinit,
446 2153 500 2194 um
522 2151 575 2194 eos
592 2131 833 2213 persecutionis
862 2138 1002 2213 tenpore
1033 2130 1180 2214 quadam
1207 2128 1283 2194 utili
1297 2129 1423 2214 proba-

305 2218 392 2280 tione
421 2214 607 2293 discussos,
640 2213 737 2276 etiam
790 2221 837 2276 ost
871 2213 1123 2296 trepidationem
1151 2211 1299 2298 aliquam
1327 2221 1425 2276 semet

304 2300 319 2362 i
344 2299 391 2360 sis
408 2295 571 2381 fortiores
588 2294 690 2380 facit.
737 2236 901 2370 Qllouiam
924 2305 1039 2378 autem,
1068 2298 1151 2361 sicut
1174 2299 1261 2363 inter
1280 2298 1423 2382 ipnooos

305 2320 417 2461 elium,
440 2401 502 2464 quo
525 2383 658 2464 turpius
680 2379 747 2444 alio
760 2379 890 2466 fupiot,
915 2382 1011 2445 timor
1031 2380 1231 2462 enanimot‘,
1253 2382 1303 2445 ita
1325 2382 1424 2445 etium

305 2466 392 2528 inter
413 2471 586 2527 strennuos
609 2463 721 2544 ulium,
744 2486 806 2548 quo
812 2463 943 2548 fortius
964 2462 1032 2529 alio
1055 2475 1145 2551 apat,
1168 2486 1231 2551 quo
1254 2466 1426 2530 ardentius

299 2555 533 2695 prorumputt,
563 2547 658 2612 uirile
672 2556 789 2632 pectus
810 2547 1007 2632 inflammat:
1036 2549 1096 2613 lsoc
1118 2551 1252 2614 caritati
1272 2559 1348 2613 tuae
1370 2570 1425 2613 ea·-

329 2632 501 2696 ortationis
529 2652 602 2696 noce
629 2633 819 2696 curarimus
848 2633 1085 2714 commendare,
1123 2642 1159 2697 ut
1187 2655 1222 2697 eo
1249 2633 1357 2720 mapis
1382 2635 1424 2698 in

307 2718 377 2781 acie
403 2715 603 2780 christianae
635 2714 809 2801 relipionis
840 2725 928 2780 stare
956 2725 984 2780 tc
1011 2717 1140 2780 delectet
1171 2719 1258 2782 inter
1279 2718 1422 2803 primos,

327 2821 370 2863 uo
392 2821 444 2862 eos
459 2819 526 2863 non
542 2798 675 2863 dubitas
688 2801 806 2864 uictori
819 2798 890 2864 Deo
900 2802 1072 2884 prouimos
1087 2811 1182 2885 utque
1197 2801 1424 2886 dipnissimos.

306 2819 405 2957 lluod
427 2892 533 2947 autem
549 2882 739 2968 postulasti,
771 2891 799 2947 te
829 2885 928 2969 quasi
948 2885 1070 2948 nostris
1090 2886 1226 2970 scriptis
1246 2885 1360 2949 iuuari
1383 2907 1423 2950 ac

299 2967 514 3052 praemuniri
549 2975 663 3030 contro
697 2966 828 3031 illorum
866 2969 1053 3049 insaniam,
1095 2969 1154 3052 qui
1187 2966 1335 3046 nefando
1368 2991 1425 3034 ore

305 3050 470 3136 garriunt,
494 3051 718 3114 auctoritatem
734 3057 868 3114 sunctae
884 3049 1081 3151 apostolicae
1097 3053 1183 3118 sedis
1197 3074 1264 3117 uon
1274 3054 1423 3137 potuisse

305 3155 413 3218 repom
425 3133 648 3213 blainmont,
671 3133 831 3198 leominem
846 3134 1048 3200 christianae
1070 3134 1151 3222 kpis
1166 3146 1288 3201 contem
1312 3146 1424 3217 torem,

306 3215 514 3281 ecclesiarum
535 3215 684 3281 uidelicet
704 3227 733 3280 et
753 3219 888 3301 imperii
916 3218 1144 3284 destructorem
1165 3228 1262 3307 atque
1283 3159 1423 3285 luereti-

305 3323 415 3365 corum
430 3308 593 3364 auctorem
608 3309 637 3363 et
651 3309 909 3383 consentaneum,
929 3305 1219 3385 excommunicare,
1241 3327 1298 3369 nec
1313 3327 1420 3391 quem-

307 3405 408 3468 quam
441 3407 463 3448 a
495 3393 699 3449 sacramento
719 3384 894 3468 fidelitatis
927 3387 998 3450 eius
1029 3387 1206 3470 absoluere,
1239 3411 1306 3453 nou
1339 3388 1423 3453 odeo

306 3468 527 3532 necessarium
552 3469 647 3533 nobis
674 3469 819 3550 uidetur,
852 3492 923 3533 cum
954 3470 1056 3534 ouius
1083 3472 1133 3535 rei
1159 3480 1226 3536 tum
1251 3471 1354 3537 multa
1382 3495 1422 3537 uc

306 3553 489 3616 certissima
517 3553 709 3618 documenta
737 3555 775 3618 in
807 3575 978 3618 sacrarum
1010 3556 1252 3639 scripturarum
1279 3559 1424 3643 popinis

304 3635 526 3718 reperiantur.
569 3636 683 3722 Neque
711 3639 801 3701 enim
824 3637 987 3701 credimus
1016 3659 1078 3720 eos,
1110 3641 1168 3724 qui
1190 3639 1236 3703 ad
1258 3639 1423 3704 cumulum

305 3740 386 3782 suae
408 3718 632 3784 damnationis
657 3722 790 3784 ueritati
810 3720 1014 3805 impudenter
1035 3721 1213 3787 aletratsuut
1241 3733 1270 3787 ct
1291 3733 1421 3788 contra-

305 3877 329 3933 ι)
346 3881 464 3921 dominum
481 3883 501 3922 1,
576 3878 600 3932 1))
617 3879 683 3928 Quod
698 3881 723 3922 P.
740 3883 768 3924 H.
844 3879 866 3934 c)
883 3881 911 3923 G.
928 3883 993 3933 13tn
1009 3883 1109 3933 spana
1129 3889 1213 3926 tontum
1235 3886 1301 3926 tutus
1320 3886 1423 3936 mutatas

304 3945 356 3981 sunt
371 3945 475 3990 accepta.
571 3936 595 3990 d)
609 3940 744 3981 Hermanno
760 3941 870 3984 Mettensi
885 3941 917 3984 sd.
1007 3939 1029 3994 s)
1046 3953 1098 3982 cum
1115 3945 1136 3986 1.
1231 3943 1385 3996 osxnmtnst
1402 3949 1423 3987 1.

305 3999 329 4052 g)
345 4003 477 4050 corrumpet
493 4002 515 4040 1.
590 3995 614 4049 h)
631 3999 658 4040 N.
675 4001 695 4040 1.

308 4138 336 4204 1)
358 4139 435 4206 tirep.
457 4139 515 4190 VII
535 4139 599 4207 Bsp.
616 4138 836 4204 1711111001.
855 4139 1024 4193 ouanloo.
1043 4141 1075 4192 P.
1110 4141 1187 4194 Hoec
1205 4141 1316 4209 epistole
1333 4144 1422 4210 primo

304 4211 371 4262 iata
390 4221 427 4263 est
447 4213 484 4262 acl
495 4211 694 4264 Herimonuum
712 4231 752 4280 ep.
769 4211 830 4266 Met.
849 4212 944 4265 Idibus
954 4213 1062 4266 Martiis
1082 4233 1108 4268 a.
1130 4216 1211 4279 1081,
1230 4225 1255 4267 ct
1272 4217 1425 4285 argumenti

305 4290 408 4367 tantum
437 4284 542 4350 qratia,
579 4303 633 4337 non
664 4285 789 4352 temporis
820 4285 923 4340 ratione
954 4287 1059 4348 hatita,
1092 4288 1125 4340 ab
1157 4293 1264 4342 auctore
1293 4289 1341 4341 troc
1366 4290 1424 4342 loco

304 4363 413 4408 inserto.
