3116 4822
351 423 401 474 DE
420 423 578 475 UNITATE
597 424 800 477 ECOLESIAE
822 423 1102 478 CONSERVANDA.
1251 428 1283 476 31

1295 583 1378 625 Ezech.
1391 588 1437 638 17Γ

160 592 279 655 iurium
301 591 347 654 ita
367 591 515 656 insecuta
536 601 586 656 est
606 590 688 656 ultio
712 591 838 656 divina:
877 593 953 658 Vico
976 615 1044 678 eqo,
1071 593 1151 658 dicit
1173 594 1285 658 Domi·
1340 643 1374 684 „v

162 698 234 756 nnc,
251 677 410 760 quoniam
424 679 645 741 iuramentum
660 677 748 762 quod
762 679 884 760 sprevit
899 686 1075 762 otpertum
1090 679 1177 761 quod
1189 701 1285 762 proe-

163 761 331 824 vcricatuc
353 770 398 823 est
421 782 546 844 ponam
575 763 612 824 in
643 770 745 845 caput
773 763 854 842 eins,
884 771 913 826 et
939 763 1096 825 morietur
1124 763 1161 824 in
1215 785 1285 826 rue-

162 846 375 924 ouricatione,
399 866 465 928 qua
486 845 634 928 desposcit
654 869 712 910 me.
756 843 846 928 Ergo
867 844 1089 908 iusiurandum
1112 843 1170 908 hos
1185 784 1287 910 iiabet

162 928 304 1008 comites,
325 926 504 1008 veritatem,
525 927 683 992 iudicium
705 937 737 992 et
750 929 915 1010 iustitiam,
936 939 981 1010 ut,
1004 929 1032 992 si
1045 929 1108 992 ista
1122 927 1285 1010 desierint,

160 1031 364 1097 nequaquem
387 1011 428 1076 sit
448 1011 674 1094 iuramentum,
697 1011 754 1076 sed
775 1013 962 1097 periurium.
1006 1013 1101 1078 Unde
1124 1023 1156 1077 et
1173 1013 1286 1077 Domi-

160 1115 221 1158 nus
243 1093 384 1180 loquitur
404 1095 438 1158 in
460 1095 626 1160 Hieremia
646 1095 817 1181 propheta:
840 1096 984 1177 Iurabis,
1006 1097 1165 1182 inquiens,
1194 1099 1396 1178 ‘victimet

161 1179 335 1258 Dominus,
356 1182 393 1243 in
416 1181 552 1244 ueritate
566 1191 596 1244 et
609 1182 647 1244 in
662 1181 788 1245 iudicio
804 1191 833 1244 et
847 1183 883 1246 iu
898 1183 1047 1245 iustitia'.
1089 1179 1186 1260 Quod
1207 1178 1285 1244 dici-

162 1273 229 1326 tur:
252 1265 332 1326 civit
345 1263 520 1345 Dominus,
541 1264 575 1327 in
590 1263 797 1329 Testamento
812 1264 924 1330 Veteri
938 1263 1161 1328 iusiurandum
1176 1273 1225 1328 est
1242 1263 1284 1329 ad

162 1346 461 1411 condemnationem
489 1358 698 1430 mortuorum,
732 1371 793 1434 per
822 1370 902 1434 quos
931 1349 1118 1413 iuraverunt
1145 1346 1284 1413 cultores

159 1429 328 1494 idolorum.
365 1431 403 1494 In
418 1431 511 1496 Novo
528 1441 636 1496 autem
652 1432 859 1496 Testamento
874 1431 1024 1519 prohibet
1037 1432 1198 1496 Dominus
1219 1453 1285 1496 non

158 1513 265 1578 iurare
295 1517 440 1580 omnino:
472 1517 524 1580 Ne
556 1517 726 1597 decidatis,
759 1517 874 1602 inquit,
905 1517 963 1581 cub
992 1517 1130 1597 iudicio,
1162 1517 1190 1580 si
1218 1538 1415 1594 nonnosus.

158 1608 287 1664 secutae
309 1597 429 1663 fuerint
450 1599 569 1665 veritas
592 1609 624 1666 et
644 1598 776 1681 iustitia,
799 1621 882 1684 quae
904 1600 1025 1686 pariter
1045 1600 1139 1664 iuxta
1160 1608 1283 1665 senten·

157 1682 235 1746 tium
258 1683 359 1768 ipsius
381 1683 517 1748 Domini
539 1683 670 1748 comites
694 1693 769 1748 sunt
789 1683 978 1749 iuramento.

244 1767 294 1830 14.
337 1768 401 1831 Pro
424 1789 541 1853 magno
564 1766 694 1854 quidem
718 1766 828 1832 salutis
850 1779 978 1833 nostrae
999 1769 1154 1853 mysterio
1176 1768 1283 1832 iurare
1292 1783 1352 1839 (XV)

157 1871 216 1914 nos
239 1850 402 1914 Dominus
448 1875 483 1914 er
504 1875 538 1916 se
566 1854 675 1936 ipsum
705 1853 825 1936 pariter
847 1863 879 1916 et
923 1875 958 1916 er
978 1851 1160 1936 apostolum
1188 1873 1282 1915 suum

156 1934 315 1998 Iacobum
338 1873 511 2020 prohdmit,
535 1937 686 2022 quoniam
708 1935 838 2000 videtur
860 1874 1113 2017 soiierelesum,
1137 1936 1283 2020 quisquis

156 2018 371 2082 iuramentum
402 2019 543 2084 solverit.
591 2019 687 2084 Unde
714 2030 746 2084 et
780 2030 909 2084 sanctus
930 2019 1089 2084 Iohannes
1118 2018 1282 2104 apostolus
1431 2080 1436 2086 .

156 2111 187 2167 et
209 2103 427 2188 euangelista:
456 2105 579 2186 Omnis,
601 2105 716 2189 inquit,
739 2106 887 2188 spiritus,
910 2106 968 2190 qui
988 2104 1081 2168 solvit
1103 2104 1219 2184 Iesum,
1241 2125 1282 2168 ec
1292 2120 1424 2174 1·10h.4‚s

155 2187 226 2252 Deo
250 2209 316 2252 non
340 2199 395 2270 est,
417 2199 447 2252 et
467 2189 520 2252 hic
542 2199 587 2252 est
608 2189 844 2269 Antichristus,
875 2189 914 2252 de
937 2210 1000 2274 quo
1023 2189 1174 2269 audictis,
1202 2209 1279 2272 quo-

154 2272 248 2336 niam
277 2275 365 2336 venit
392 2283 421 2336 et
446 2295 536 2336 nunc
564 2276 633 2337 iam
661 2274 699 2336 in
728 2275 851 2336 mundo
881 2284 934 2336 cst.
982 2270 1048 2346 Qui
1074 2272 1159 2336 euim
1187 2253 1418 2366 soluitfflfssffif'

151 2365 300 2439 pactum,
315 2357 471 2441 nunquid
485 2355 638 2442 effuqiet?
669 2357 746 2421 Viuo
758 2379 826 2442 eqo,
842 2357 924 2422 dicit
934 2355 1108 2438 Dominus,
1124 2357 1281 2439 quoniam

152 2442 377 2505 iuramentum
410 2440 498 2526 quod
532 2444 654 2524 sprevit
686 2451 717 2506 et
743 2451 880 2524 pactum
913 2440 1001 2540 qnod
1022 2441 1281 2524 praevaricatus

154 2534 200 2587 est
216 2545 347 2607 ponam
373 2527 410 2589 in
439 2535 542 2608 capnt
570 2528 649 2606 eius,
680 2534 709 2588 et
735 2527 892 2588 morietur
918 2547 955 2588 m
974 2524 1280 2622 praeuaricatione,

155 2630 222 2692 quc
245 2609 393 2692 despeuit
412 2632 471 2673 me.
513 2607 614 2692 Ergo,
636 2607 721 2670 sicut
742 2617 877 2672 testatur
890 2607 1050 2671 Dominus
1067 2629 1131 2692 per
1146 2605 1392 2692 prophe-nem.

153 2701 231 2772 tam,
253 2691 476 2756 iusiurandum
499 2691 597 2756 habet
618 2691 751 2755 comites
773 2691 951 2772 veritatem,
973 2689 1129 2754 iudicium
1145 2699 1177 2754 et
1190 2691 1281 2754 iusti-

153 2775 244 2840 tiam.
287 2775 416 2840 Veritas
437 2785 546 2842 autem
569 2773 716 2842 Christus
739 2783 796 2856 est,
819 2773 915 2838 simul
936 2784 968 2839 et
988 2774 1110 2838 iustitia
1132 2773 1279 2838 Christus

153 2869 210 2925 est.
257 2859 329 2946 qu
351 2883 432 2943 cum,
460 2861 573 2946 inquit,
603 2862 670 2942 oia,
701 2861 823 2924 ueritas
845 2869 874 2922 et
895 2859 974 2922 cita.
1017 2857 1084 2922 Sed
1112 2856 1411 2942 psalmistaros.14,s.

153 2942 208 3026 ait,
243 2945 412 3028 quoniam:
445 2945 579 3010 Iustitia
611 2954 640 3008 et
696 2965 742 3006 nn
776 2941 940 3007 osculatae
974 2952 1051 3006 cunt
1078 2965 1120 3021 se,
1149 2941 1278 3027 quando
1288 2957 1440 3011 Pectus&

153 3030 277 3092 ceritas
299 3029 338 3092 de
360 3039 450 3093 terra
473 3039 546 3112 ortu
571 3039 625 3108 est,
685 3025 803 3092 hristus
833 3025 957 3090 scilicet
983 3035 1078 3090 nutus
1106 3024 1147 3090 dc
1176 3025 1280 3091 Maria

152 3110 289 3195 virgine.
331 3113 453 3177 Faetus
474 3123 520 3176 est
552 3113 637 3178 enim
660 3112 753 3175 nobis
776 3111 868 3174 lesus
892 3111 1040 3176 Citriotus
1062 3111 1228 3192 capientia
1258 3134 1372 3179 ancon
1380 3137 1440 3190 1,so.

152 3195 225 3260 Deo
249 3207 278 3259 et
298 3198 426 3261 iustitia
442 3207 478 3277 ,et
496 3195 714 3277 sanctificatio
737 3205 766 3258 et
786 3196 974 3280 redemptio,
997 3195 1080 3258 sicut
1094 3195 1216 3258 dictum
1232 3204 1280 3260 est

152 3278 194 3344 ab
218 3279 374 3364 apostolo.
410 3280 516 3364 Igitur
537 3281 654 3345 veritas
677 3289 725 3342 est
741 3276 900 3359 Christus,
921 3277 1042 3342 iustitia
1058 3286 1107 3342 est
1122 3277 1278 3358 Christus,

152 3384 221 3448 pax
249 3373 297 3428 est
326 3361 485 3447 Christus,
514 3365 613 3428 immo
641 3361 795 3449 quicquid
823 3363 943 3426 bonum
973 3371 1021 3426 est
1049 3371 1105 3426 sut
1131 3361 1278 3425 Christus

152 3455 211 3510 aut
233 3467 252 3510 a
275 3446 403 3512 Christo
431 3457 488 3530 est,
511 3448 663 3535 quoniam
686 3445 832 3510 Christus
854 3447 946 3510 Deus
969 3455 1027 3514 est.
1073 3444 1138 3510 Sed
1167 3465 1278 3510 omnes

152 3533 310 3594 virtutum
332 3533 457 3617 species
473 3553 538 3599 uno
553 3531 693 3596 iustitiae
709 3532 914 3595 continentur
927 3530 1069 3610 nomine,
1091 3527 1187 3592 beato
1202 3550 1278 3614 quo·

151 3635 218 3760 zue
239 3614 441 3701 Hieronymo
463 3623 662 3696 attestante,
693 3616 749 3700 qui
776 3637 816 3680 ex
843 3635 943 3678 onens
969 3611 1049 3676 illud
1076 3611 1418 3698 psalmistaewsross.

185 3701 262 3780 enti,
285 3701 343 3786 qni
365 3701 552 3766 custodiunt
573 3699 737 3763 iudicium
760 3709 789 3763 et
799 3637 940 3783 sicient
960 3698 1121 3762 iustitiam
1136 3699 1173 3761 in
1190 3699 1278 3762 omni

33 3791 35 3832 i
149 3791 313 3867 tempore:
342 3815 400 3851 eum
425 3799 560 3862 dontinus,
587 3784 702 3868 inquit,
731 3805 755 3848 et
780 3798 898 3850 sumator
920 3805 1009 3849 noster
1033 3795 1067 3848 eit
1088 3795 1142 3848 Dei
1164 3795 1276 3858 iustitia,

33 3867 34 3906 i
142 3871 219 3936 felix
238 3881 276 3924 est
295 3879 319 3924 et
338 3873 430 3924 beatus
450 3871 496 3939 qui
506 3872 580 3938 facit
597 3872 725 3924 iustitium
743 3869 773 3921 in
791 3871 863 3922 omui
881 3877 1004 3936 tempore,
1029 3869 1060 3920 id
1079 3877 1117 3920 est
1137 3867 1276 3932 tumtum,

33 3978 35 4014 ,
149 3945 288 4010 quonium,
307 3943 332 3997 ri
348 3945 417 3996 iuste
430 3946 542 4014 cyimus,
562 3944 709 4011 omuptmr
727 3943 756 3993 in
773 3941 849 3995 uobis
868 3943 987 3994 iustitia·
1000 3950 1023 3994 et
1032 3941 1143 4008 paritur
1156 3958 1188 3994 ec
1201 3942 1276 3993 nobis

33 4053 34 4094 3
148 4025 264 4091 icamia,
284 4035 307 4080 er
320 4044 411 4078 sumus
424 4035 508 4078 mater
520 4027 647 4080 iustitiae.
675 4011 805 4074 Omnis
820 4019 927 4074 autem
943 4011 1094 4094 spiritus,
1110 4011 1168 4095 qui
1183 4009 1277 4073 solvit
1289 4031 1372 4075 1.10h.
1382 4034 1433 4088 nc.

33 4101 34 4168 i
148 4095 269 4175 Iesum,
285 4117 324 4159 ec
335 4096 406 4160 Deo
418 4117 483 4158 uon
495 4106 550 4176 est,
569 4095 665 4159 ethic
681 4104 727 4158 est
737 4092 972 4175 Antichristus,
988 4095 1027 4158 de
1042 4116 1105 4177 quo
1122 4093 1275 4173 audistis,

149 4236 172 4290 e)
191 4241 232 4278 aut
247 4239 343 4280 tristitie
359 4241 385 4290 13
400 4241 480 4281 emend,
498 4239 613 4280 Fretems.

151 4353 177 4412 1)
207 4353 365 4418 Hieronymi
391 4356 482 4421 Opera
507 4354 550 4406 cd.
576 4354 656 4404 Dom.
682 4349 846 4418 Vullcrsius,
883 4351 1004 4404 venetiis
1031 4347 1116 4412 1⁷69,
1148 4347 1210 4410 vn,
1236 4347 1273 4398 11.

148 4424 251 4476 Psalm.
273 4425 320 4478 OV
339 4425 414 4494 (coll.
434 4425 511 4494 388).
1134 4427 1137 4436 ’
1255 4433 1257 4438 “
