3098 4818
306 337 342 388 ⁶4
598 336 718 389 BRUNO
737 336 786 386 DE
804 336 924 388 BELLO
943 335 1133 387 saxorum.

231 504 340 568 retain
361 504 457 568 corde
479 501 597 568 habero
618 501 781 584 credebat,
803 524 863 567 nee
884 502 1001 590 aliquis
1023 493 1192 584 dubitavit,
1214 505 1292 590 quin
1310 503 1432 590 siquis

306 586 490 654 Saxonibus
504 585 598 652 valde
612 587 676 652 iarn
688 587 886 671 exasperatis
896 586 958 652 hoc
968 587 1117 651 nuntium
1127 585 1276 652 falsitatis
1286 587 1430 671 afferret,

304 692 364 759 pro
395 669 483 735 falsis
515 671 681 757 promissis
713 691 833 756 poenas
861 671 1017 735 veraciter
1050 671 1149 736 daret.
1193 671 1432 757 Remanserant

304 765 412 822 autem
426 754 533 819 adhuc
548 755 611 819 duo
633 755 673 820 de
694 754 811 820 nostris
834 754 921 840 apud
942 776 1025 837 eum,
1049 753 1258 820 Werinherus
1273 753 1431 841 Mageda-

304 837 490 926 burgensis,
522 848 554 904 ot
587 838 729 904 eiusdem
761 839 899 903 nominis
931 838 1204 926 Merseburgensis
1236 841 1429 925 episcopus3

306 924 362 1010 qui
390 945 465 987 cum
513 932 621 988 essent
648 921 750 987 invito
774 944 809 987 re
834 945 852 987 e
874 923 956 988 sicut
976 921 1031 987 alii
1051 925 1239 1009 repatriare,
1261 922 1427 1007 nolebant,

306 1008 381 1094 quia
408 1008 442 1070 in
471 1007 478 1022 ⁸
504 1028 523 1070 o
550 1006 626 1072 licet
651 1008 695 1070 im
719 1008 766 1089 io,
830 1028 919 1088 eum,
948 1029 969 1071 a
991 1027 1054 1093 quo
1078 1016 1126 1071 cst
1146 1009 1250 1072 omnis
1271 1017 1428 1094 potestas,

306 1090 465 1156 offendere
493 1091 658 1157 timebant
736 1112 771 1154 os
800 1112 876 1176 ergo
899 1112 973 1154 cum
996 1091 1181 1190 supradicta
1202 1090 1360 1178 legatione
1383 1091 1429 1156 ad

306 1174 483 1240 Saxoniam
512 1176 614 1252 misit,
644 1175 702 1240 sed
729 1174 901 1240 decorum
930 1195 1111 1240 reversione
1138 1173 1237 1239 nichil
1263 1177 1308 1240 eis
1331 1175 1427 1242 dixit.

305 1257 357 1324 Illi
385 1281 463 1324 vero
492 1258 677 1324 Saxonibus
713 1280 784 1322 cum
820 1267 887 1323 tota
915 1257 1079 1323 voluntate
1108 1259 1194 1344 quod
1223 1269 1314 1324 erant
1345 1259 1427 1324 iussi

305 1342 500 1426 suadebant;
530 1342 587 1407 sed
610 1343 772 1426 Saxones,
803 1364 841 1407 co
865 1342 940 1406 nitis
967 1352 1015 1406 tot
1035 1342 1104 1406 eius
1125 1342 1318 1423 mendaciis,
1345 1343 1428 1408 haec

329 1449 434 1513 uoque
470 1428 629 1512 promissa
654 1448 777 1491 veneno
810 1365 957 1492 falsitatis
983 1424 1101 1490 infecta
1129 1448 1193 1490 non
1223 1426 1427 1492 dubitabant.

305 1447 455 1595 Sumque
483 1508 600 1575 vellent
631 1510 774 1608 episcopi
806 1531 916 1574 eorum
949 1531 1104 1598 responsa
1135 1521 1313 1596 reportare,
1346 1511 1428 1576 iussi

306 1605 381 1659 sunt
402 1616 503 1658 unum
525 1616 543 1658 e
565 1593 691 1658 duobus
712 1593 846 1692 eligere,
873 1603 930 1658 aut
957 1595 1010 1658 hic
1038 1593 1135 1658 modo
1157 1605 1256 1677 stare,
1285 1605 1341 1660 aut
1361 1595 1428 1661 huc

305 1677 771 1848 numSllSmPhldblpldsriegllher
790 1762 890 1826 nostri
912 1760 1007 1825 simul
1021 1761 1161 1844 adunati,
1183 1763 1371 1828 iuramentis
1394 1723 1429 1828 ct

307 1844 473 1910 obsidibus
502 1846 641 1912 invicem
668 1845 750 1910 datis
779 1846 813 1909 in
841 1866 942 1910 unum
969 1867 1003 1910 se
1032 1845 1235 1930 confirmant,
1259 1855 1290 1912 et
1318 1857 1356 1911 ut
1383 1846 1427 1912 ad

306 1931 443 1995 invicem
457 1930 639 1994 firmissime
660 1929 875 2012 cohaererent,
897 1951 932 1992 re
955 1951 1007 1994 em
1029 1931 1082 1993 cui
1103 1928 1291 1996 subiaceant
1313 1952 1425 1996 omnes

307 2012 423 2099 eligere
453 2012 637 2080 deliberant.
683 2012 748 2078 Sed
777 2034 851 2076 cum
879 2035 921 2077 au
947 2015 1060 2096 ssent,
1090 2012 1177 2100 quod
1205 2013 1330 2080 Suevos
1358 2023 1426 2078 tam

306 2096 476 2162 crudeliter
489 2099 657 2184 antiquum
678 2096 790 2162 foedus
806 2096 973 2182 infregisse
987 2097 1153 2244 poenituit,
1176 2098 1217 2162 ad
1232 2119 1287 2162 eoa
1302 2096 1425 2182 legatos

307 2181 347 2246 de
373 2181 558 2246 renovando
586 2180 714 2246 foedere
742 2181 866 2245 mittere
894 2202 988 2266 comp
1001 2181 1102 2264 acuit3
1135 2189 1171 2245 ut
1202 2184 1317 2246 iterum
1351 2203 1426 2245 con·

306 2266 470 2330 venientes
485 2267 520 2328 in
533 2287 643 2346 unum,
658 2264 897 2328 inimicitiarum
912 2264 1120 2330 acerbitatem
1134 2264 1234 2330 multa
1246 2264 1426 2331 dilectionis

307 2348 464 2412 suavitate
486 2358 690 2435 superarent,
712 2358 745 2413 et
764 2349 902 2412 invicem
925 2348 986 2412 sibi
1008 2347 1181 2432 donantes,
1204 2359 1316 2416 contra
1337 2370 1425 2414 com·

306 2453 438 2496 munem
460 2430 608 2496 omnibus
630 2431 770 2514 hostem,
797 2453 861 2496 uno
884 2431 924 2496 de
947 2453 981 2496 se
1002 2455 1078 2518 rege
1098 2432 1200 2516 facto,
1226 2432 1427 2498 concorditer

308 2523 437 2580 starent.
480 2515 611 2582 Domno
634 2537 762 2603 quoque
783 2513 957 2602 apostolico
978 2512 1099 2582 litteras
1121 2517 1285 2598 miserunt,
1307 2517 1426 2603 quibus

307 2609 343 2664 ut
368 2597 419 2663 vel
447 2621 505 2686 per
533 2621 568 2666 se
594 2599 646 2666 vel
674 2622 732 2686 per
757 2601 905 2664 nuntium
933 2599 1022 2684 genti
1050 2623 1153 2686 paene
1179 2600 1324 2688 perditae
1352 2621 1426 2664 con-

308 2682 427 2754 solator
447 2683 584 2766 adesset,
606 2707 645 2748 su
667 2683 793 2770 pliciter
813 2692 993 2750 oraverunt.

254 2779 313 2846 oa,
392 2769 442 2833 88.
485 2767 559 2833 Non
580 2706 706 2834 modico
729 2768 827 2853 igitur
849 2767 994 2833 Saxones
1016 2769 1160 2833 exercitu
1181 2766 1331 2851 collecto,
1356 2791 1427 2854 per-

308 2861 461 2916 rexerunt
488 2851 530 2916 ad
551 2852 698 2918 Rhenum
724 2859 835 2916 contra
862 2852 970 2916 vicum
996 2853 1051 2938 qui
1073 2851 1190 2916 dicitur
1212 2852 1425 2939 Oppenheim,

196 2954 230 3008 *a
248 2957 298 3001 aas.
309 2957 373 3021 quo
389 2944 420 2999 et
434 2936 616 3021 patriarcha
631 2958 704 3001 cum
719 2937 871 3022 episcopo
886 2935 1078 3018 Pataviensi,
1093 2936 1271 3022 pontificis*
1289 2936 1427 3000 Romani

308 3017 443 3102 legato¹,
466 3030 672 3102 convenerat,
698 3029 731 3084 et
750 3040 816 3083 una
838 3018 1018 3084 Suevorum
1039 3041 1104 3084 non
1125 3042 1225 3105 parva
1246 3018 1426 3101 multitudo,

333 3104 367 3166 ui
389 3123 499 3166 omnes
521 3105 698 3167 exercitum
717 3102 924 3184 Saxonicum,
950 3102 1028 3167 dum
1049 3104 1175 3169 veniret
1202 3102 1426 3190 expectabant.

254 3125 436 3266 ⁰⁶²·Suibus
474 3184 810 3272 appropinquantibus
847 3185 1029 3272 patriarcha
1066 3187 1228 3274 ceterique
1263 3189 1426 3275 primates,

265 3249 300 3290 ¹⁶'
309 3270 386 3356 quia
407 3268 448 3334 do
461 3271 582 3335 recenti
596 3268 717 3356 proelio
733 3281 939 3356 utrorumque
953 3268 1054 3356 gladii
1067 3270 1172 3335 adhuc
1187 3293 1300 3353 cruore
1317 3272 1424 3336 made·

307 3351 396 3435 bant,
419 3355 564 3440 quamvis
609 3377 643 3418 er
663 3353 838 3439 legationes
859 3367 986 3419 mutuas
1008 3355 1147 3420 invicem
1167 3357 1229 3422 sibi
1244 3355 1425 3436 donassent,

308 3449 417 3504 tamen
437 3461 488 3522 ne,
510 3375 607 3524 quod
618 3437 711 3503 facile
733 3446 780 3502 est
801 3439 940 3520 armatis,
964 3437 1077 3503 seditio
1099 3439 1217 3504 vilibus
1238 3461 1259 3503 a
1280 3439 1424 3525 personis

308 3530 422 3586 exorta
442 3521 562 3588 factum
581 3521 714 3588 foedusa
736 3531 964 3608 corrumperet,
987 3521 1114 3587 obviam
1130 3521 1316 3588 Saxonibus
1338 3521 1427 3586 ibant

309 3613 342 3668 et
367 3605 540 3670 amicitiam
567 3628 662 3692 quam
688 3616 920 3672 renovaverant
940 3605 1103 3688 absentes,
1130 3629 1216 3670 nunc
1244 3616 1426 3692 praesentes

310 3687 498 3754 confirmare
513 3688 695 3754 monebant.
728 3690 815 3754 Hinc
828 3691 926 3775 igitur
940 3689 1007 3754 dux
1024 3688 1112 3771 Otto,
1134 3689 1289 3756 violenter
1306 3689 1425 3755 honore

310 3792 369 3835 suo
397 3773 557 3856 privatus,
590 3771 677 3837 illinc
703 3773 841 3859 Welphb
869 3773 946 3856 dux,
973 3773 1086 3838 eodem
1108 3773 1228 3838 honore
1254 3796 1320 3838 non
1345 3775 1427 3838 iuste

310 3854 508 3936 sublimatus,
525 3854 586 3921 hac
604 3857 792 3922 condicione
804 3858 866 3922 sibi
883 3857 1022 3922 invicem
1040 3858 1129 3944 pacis
1141 3857 1252 3922 oscula
1262 3856 1426 3939 dederunt,

309 3949 346 4005 ut
365 3937 476 4021 electo,
502 3941 742 4028 propterquod
764 3963 804 4006 ex
825 3951 962 4028 utraque
983 3951 1074 4026 parte
1096 3952 1321 4025 convenerant,
1343 3961 1426 4006 novo

309 4046 395 4109 rege,
418 4025 599 4110 quicunque
614 4047 725 4090 eorum
745 4025 853 4111 ipsum
867 4023 1020 4090 honorem
1040 4026 1109 4091 iure
1123 4027 1282 4108 retineret,
1305 4024 1385 4092 alter
1398 4026 1428 4088 ei

309 4129 374 4173 non
410 4107 557 4174 invidens
588 4108 729 4175 libenter
763 4109 961 4175 concederet.
1012 4107 1166 4175 Similiter
1197 4111 1287 4196 pacis
1320 4105 1428 4174 oscula

310 4231 333 4286 a)
349 4233 366 4276 t.
383 4234 452 4275 fedus
466 4235 519 4276 teda
535 4234 556 4275 Β.
615 4233 640 4288 b)
655 4235 688 4276 aa
707 4237 793 4286 scripsit
807 4235 915 4286 Patriam
936 4235 1023 4285 Walph
1048 4236 1073 4284 ¹3
1095 4236 1212 4278 Waltarus
1229 4231 1267 4286 1¹23
1289 4235 1390 4287 welpho
1406 4235 1427 4277 2.

312 4326 340 4394 1)
353 4325 512 4392 Althaeam,-
530 4331 578 4383 aad
591 4328 751 4398 Siyibordaa
765 4347 868 4398 qaoque
876 4329 1038 4398 patriarche
1050 4331 1179 4398 lepotione
1184 4331 1362 4401 fungebatur.
1392 4331 1428 4384 W.
