3116 4822
354 407 405 456 DE
425 407 584 458 UNITATE
604 407 809 459 ECOLESIAE
830 408 1102 460 CONSERVANDA.
1256 409 1290 457 23

173 599 219 632 uos
244 581 389 631 salutantes
414 581 509 644 affectu
529 581 655 645 petimus,
669 578 915 646 praecellentissimi
926 580 989 646 filii,
1015 590 1044 631 ut
1069 579 1219 630 detestabile
1245 579 1293 630 lroc

174 655 274 704 malum
299 651 459 704 simoniacae
485 653 583 704 heresis
607 671 638 704 ac
663 655 853 720 neophytorum
877 654 910 704 de
932 653 1007 720 renni
1025 650 1105 704 vestri
1116 651 1219 718 finibus
1238 661 1292 702 stu-

174 727 258 778 deatis
282 725 443 790 prohiberea
472 733 496 776 ct
519 727 596 776 nullu
622 727 697 792 apud
722 744 767 777 oos
791 727 933 788 excusatio,
957 729 1035 778 nulla
1059 733 1150 777 contra
1176 725 1294 774 animam

172 807 286 851 cestram
315 798 445 866 suquestio
474 795 558 850 nean
581 798 709 863 inveniat,
733 800 798 865 quic
816 798 945 864 facientis
967 801 1063 864 procul
1082 798 1162 849 dubio
1188 798 1294 863 cansam

173 881 258 943 labet,
284 881 332 946 qui
355 880 426 946 quod
447 888 533 944 potest
559 881 689 950 corriyere
714 880 823 949 neqliqit
851 877 1021 932 emendareb.
1060 867 1103 928 El
1124 868 1158 929 in
1179 875 1293 950 quarto

171 947 253 1013 libro
276 949 393 1032 legitur
414 948 460 1010 ita
482 948 650 1033 scripsisse
671 949 754 1013 inter
775 947 839 1012 alia
860 946 1035 1012 Sabiniano
1058 971 1116 1013 suo
1139 947 1294 1013 Constan-

172 1031 384 1118 tinopolitano
411 1030 558 1113 diacono,
585 1043 621 1097 ut
651 1031 713 1096 hoc
740 1031 890 1117 loquatur
918 1033 1105 1118 imperatori
1126 1033 1293 1098 Mauriti0:

179 1131 265 1180 Unum
284 1137 329 1192 est,
350 1115 483 1200 lnqulffl,
505 1131 577 1196 quod
593 1129 705 1182 breuiter
717 1147 843 1198 suqqeras
862 1131 1034 1182 serenissimis
1054 1129 1167 1183 dominis
1186 1132 1291 1194 nostris,
1304 1145 1458 1196 el.lib.11,ct.

175 1203 249 1268 quia,
268 1203 293 1254 si
305 1221 349 1272 eqo
366 1221 457 1256 servus
477 1221 566 1254 eorum
584 1204 675 1254 uellem
694 1221 734 1255 me
753 1205 782 1254 in
802 1201 916 1254 alicuius
934 1213 1042 1256 mortem
1054 1205 1170 1267 miscere,
1188 1203 1292 1270 Lonyo-

176 1275 320 1327 bardorum
337 1294 401 1346 qens
419 1294 466 1328 nec
484 1293 571 1343 recem
588 1293 636 1327 nec
648 1277 728 1328 duces
746 1293 794 1328 nec
813 1277 916 1327 comites
932 1277 1038 1329 liaberet
1058 1287 1136 1344 atque
1148 1279 1177 1327 in
1190 1294 1293 1327 summa

175 1358 328 1422 confusione
347 1359 436 1410 divisa
456 1367 528 1409 esset.
567 1357 622 1410 Sed
640 1357 705 1424 quia
723 1358 819 1423 Demn,
839 1345 893 1423 ait,
915 1359 999 1422 timeo,
1022 1359 1052 1409 in
1077 1368 1184 1410 mortem
1205 1359 1293 1409 cuius·

174 1439 235 1490 ticet
254 1440 366 1491 nominis
390 1457 430 1492 ne
455 1442 563 1492 miscere
575 1441 704 1505 famido.
742 1426 759 1489 I
785 1426 847 1490 'tur
875 1426 1084 1511 Longobardi
1112 1435 1188 1490 tunc
1216 1436 1293 1490 tem-

173 1507 261 1590 poris
283 1509 403 1592 pagani
424 1518 516 1571 erant
537 1517 569 1571 et
589 1509 753 1572 invasores
786 1509 880 1575 taliae
902 1532 941 1574 ac
957 1518 1178 1595 persecutores
1194 1509 1294 1574 eccle-

175 1591 250 1672 siae,
281 1602 312 1656 et
340 1601 449 1655 tamen
475 1590 527 1655 ille
556 1593 776 1658 sanctissimus
805 1617 892 1681 papa
915 1595 1090 1680 Gregorius
1112 1593 1215 1659 noluit
1235 1615 1294 1680 pro

174 1673 238 1737 Dei
266 1675 381 1739 timore
411 1677 582 1760 quicquam
612 1675 726 1740 horum
754 1677 871 1759 facere,
902 1701 985 1765 quae
1011 1679 1198 1764 supradicta
1222 1687 1296 1742 sunt

174 1779 268 1842 posse
298 1758 433 1841 efficere,
462 1758 585 1823 scilicet
613 1770 649 1822 ut
674 1759 961 1847 Langobardorum
991 1785 1071 1848 gens
1096 1785 1156 1827 nec
1185 1784 1294 1862 regem

174 1863 235 1905 nec
263 1841 360 1906 duces
387 1864 447 1907 nec
473 1844 607 1908 comites
629 1843 763 1910 haberet
783 1857 880 1932 atque
905 1848 939 1910 in
961 1868 1088 1911 summa
1110 1847 1295 1910 eonfusrone

174 1925 278 1990 divisa
299 1939 393 2008 esset,
417 1928 564 2024 quamvis
585 1925 638 1991 vel
658 1929 728 2013 ipse
750 1929 803 1994 vel
825 1929 960 1995 ecclesia
985 1931 1193 1995 sustinuerint
1219 1929 1296 1994 talia

175 2008 216 2072 ab
244 2010 284 2072 iis
309 2009 397 2075 illata
424 2011 640 2090 mcommoda,
670 2012 786 2096 qualia
806 2013 938 2078 scribit²
967 2015 1001 2077 in
1025 2016 1073 2084 18,
1096 2036 1193 2100 super
1214 2014 1295 2077 Ene-

175 2091 288 2157 cielem
309 2095 502 2180 prophetam
523 2094 671 2158 homilia:
696 2110 770 2173 Quid
791 2121 836 2174 est,
855 2113 910 2163 iam
928 2131 1000 2180 royo,
1021 2113 1092 2178 quod
1108 2113 1187 2164 libeat
1206 2113 1235 2162 in
1248 2113 1295 2163 loc

175 2183 295 2234 mimda?
313 2185 431 2250 undique
450 2185 535 2235 luctus
555 2185 706 2250 aspicimus,
726 2185 843 2251 undique
865 2185 976 2252 yemitus
995 2186 1128 2248 audimus,
1148 2186 1297 2237 destructae

176 2257 263 2318 urbes,
292 2274 382 2309 eversa
406 2266 468 2308 sunt
495 2265 591 2322 castra,
615 2257 770 2324 depopulati
794 2265 856 2310 senet
881 2258 948 2326 aqri,
980 2260 1009 2310 in
1032 2258 1200 2310 solitudinem
1224 2268 1297 2310 terra

175 2319 286 2381 redacta
315 2338 359 2394 est,
385 2331 476 2382 nullus
504 2329 533 2380 in
558 2331 632 2399 cyris
656 2333 751 2396 incola,
769 2349 859 2396 paene
877 2334 968 2384 nullus
986 2332 1015 2383 in
1035 2331 1144 2382 urbibus
1163 2332 1297 2383 habitator

175 2405 312 2466 remansit,
338 2413 362 2455 et
386 2405 462 2470 imeae
481 2421 587 2468 paruae
609 2406 712 2471 qeneris
736 2405 847 2455 humani
876 2407 1007 2471 reliquiae
1037 2405 1125 2456 adhuc
1151 2403 1244 2456 cotidie
1273 2411 1297 2458 et

176 2475 232 2526 sine
251 2476 394 2528 cessatione
405 2477 555 2544 feriuntur,
576 2484 600 2528 el
610 2479 694 2544 finem
712 2495 766 2528 non
785 2478 882 2529 labent
893 2480 1005 2545 flayella
1030 2480 1147 2531 caelestis
1171 2477 1297 2542 iustitiae,

176 2548 241 2614 quia
259 2567 308 2600 nec
325 2548 395 2601 inter
406 2551 519 2617 flagella
537 2550 654 2602 directae
673 2557 735 2601 sunt
755 2551 869 2602 actiones
895 2554 995 2616 culrsae.
1033 2551 1108 2603 Alios
1134 2555 1163 2603 in
1187 2553 1296 2617 captiui·

176 2629 255 2674 tatem
274 2624 346 2686 duci,
367 2623 434 2674 alios
453 2623 614 2686 detruncari,
635 2625 702 2674 alios
720 2623 832 2688 interfici
844 2624 972 2675 uidemus.
1000 2624 1073 2686 Quid
1087 2634 1123 2677 est
1136 2642 1206 2692 erqo,
1227 2625 1297 2690 quod

175 2697 205 2746 in
231 2696 281 2746 liar
297 2697 354 2746 uita
373 2696 461 2758 libeat,
479 2697 584 2760 fratres
602 2695 673 2747 mei?
711 2693 742 2745 Si
760 2705 784 2746 et
803 2698 881 2746 talem
900 2698 987 2748 adhuc
1005 2699 1134 2748 mundsnn
1152 2697 1297 2765 diliqimus,

175 2787 230 2821 non
253 2768 309 2820 iam
333 2769 446 2836 quadiu,
471 2769 518 2820 sed
543 2769 656 2820 uulnera
680 2785 808 2820 amamus.
853 2769 920 2834 Ipsa
939 2778 1034 2833 autem,
1061 2787 1129 2835 quae
1150 2770 1296 2834 aliquando

176 2843 271 2894 memdi
295 2843 402 2893 domina
429 2858 484 2892 esse
502 2840 650 2905 uidebatur,
675 2843 762 2906 qualis
781 2841 939 2893 remanserit
958 2842 1051 2906 Romu,
1071 2842 1229 2908 conspicitis,
1249 2844 1297 2892 im-

175 2917 273 2967 mensis
304 2916 439 2966 doloribus
466 2915 646 2979 multipliciter
673 2914 775 2978 attrita,
804 2915 965 2967 desolatione
993 2915 1098 2979 ciuium,
1125 2915 1298 2980 impressione

176 2989 298 3051 locstium,
311 2988 469 3054 frequentia
487 2986 636 3040 ruinarum.
681 2988 730 3038 Uli
747 2989 801 3038 iarn
816 2987 943 3040 senatus?
973 2989 1019 3040 ubi
1032 2987 1171 3055 populus?
1207 2987 1297 3040 Omnis

176 3061 357 3114 saecularium
382 3061 542 3128 dignitatum
566 3063 631 3112 ordo
657 3060 799 3113 sustinctus
826 3071 863 3112 ert
886 3060 916 3112 in
935 3079 975 3126 ea,
1000 3072 1023 3115 et
1041 3063 1096 3114 iam
1114 3080 1202 3114 uacua
1222 3063 1298 3114 ardel

175 3146 271 3197 Roma.
312 3129 402 3192 Haec
431 3149 528 3213 passa
557 3139 604 3192 est
630 3151 650 3192 a
672 3128 895 3213 Longobardis
924 3129 1070 3212 ecclesia,
1098 3127 1178 3192 haec
1200 3151 1298 3214 passa

177 3224 228 3278 est
259 3223 291 3278 et
322 3213 435 3294 Roma,
467 3210 547 3275 haec
578 3233 693 3297 passus
720 3233 849 3298 quoque
879 3223 928 3277 est
960 3223 1087 3278 sanctus
1122 3214 1297 3298 Gregorius

176 3318 272 3384 papa,
295 3297 360 3382 qui,
383 3307 476 3359 cum⁰
497 3295 603 3360 lacere
649 3307 743 3380 osset,
766 3307 802 3360 ut
822 3295 1110 3381 Langobardorum
1136 3319 1215 3381 gens
1237 3319 1297 3362 nec

176 3403 286 3466 regem
323 3402 383 3444 nec
424 3379 556 3443 comites
589 3321 722 3446 haireret
755 3389 851 3466 atque
883 3382 918 3444 in
953 3405 1079 3445 summa
1113 3382 1297 3445 confusione

177 3465 281 3528 divisa
306 3472 399 3544 esset,
428 3461 508 3526 nihil
536 3463 650 3528 horum
678 3465 784 3529 facere
811 3462 921 3546 voluit,
945 3467 1021 3550 quia
1048 3465 1098 3528 vir
1125 3476 1231 3529 rectus
1259 3485 1297 3527 ac

175 3549 294 3612 timens
313 3547 421 3611 Deum
445 3546 513 3610 fuit.
566 3562 638 3624 Quia
664 3561 741 3626 enim,
766 3547 903 3632 inquitss,
931 3563 1019 3615 Deum
1039 3565 1123 3626 timeo,
1142 3561 1172 3614 in
1190 3571 1298 3616 mortem

176 3635 314 3690 cuiuslibet
332 3636 444 3688 hominis
463 3653 503 3686 mc
521 3636 627 3687 miscere
639 3636 770 3700 formido.

263 3707 313 3772 12.
350 3703 415 3768 Sed
436 3711 474 3766 ut
493 3703 596 3788 magis
618 3725 657 3766 ac
679 3705 782 3787 magis
805 3701 1046 3769 convalescebat
1064 3701 1175 3786 civilis,
1197 3705 1414 3780 immensus)

200 3788 250 3852 lus
267 3809 364 3874 quam
380 3785 484 3850 civilis
499 3785 670 3860 discordia,
692 3807 862 3873 perquam
877 3796 987 3851 nostro
1009 3809 1137 3874 quoque
1152 3799 1296 3873 ternpore

176 3812 262 3938 licta
290 3881 365 3936 sunt
392 3891 452 3956 pro
478 3892 495 3934 e
525 3868 649 3950 similia,
678 3869 785 3956 qualia
807 3873 953 3956 superior
974 3893 1077 3936 sermo
1100 3871 1297 3936 demonstrat

176 3978 235 4042 per
257 3941 436 4040 ¹Langobar
460 3975 495 4017 os
522 3962 594 4017 acta
621 3976 690 4018 esse
719 3955 753 4016 in
774 3955 920 4018 Romana
947 3954 1140 4040 republica,
1168 3967 1204 4020 ut
1230 3966 1296 4019 tam

178 4146 201 4198 a)
218 4147 336 4246 pmhibefi
353 4148 382 4197 13
395 4147 474 4188 entend
492 4145 553 4186 aaut.
608 4143 631 4196 b)
648 4145 773 4186 emandare
790 4148 813 4196 13
835 4146 915 4186 emend.
932 4145 1020 4186 donarat.
1083 4143 1296 4197 c)qu1cunqnel;

177 4207 257 4247 emend
289 4207 365 4247 ctera.

179 4382 370 4507 Pv1uulug2p.
382 4383 433 4432 scr
450 4382 543 4450 (areg.
558 4397 618 4450 epp.
633 4384 666 4447 v,
677 4384 714 4448 c).
771 4382 798 4448 2)
818 4381 925 4433 runem
938 4383 960 4448 1,
974 4400 1001 4450 p.
1016 4383 1094 4433 rau.
1145 4381 1173 4445 a)
1190 4382 1296 4432 runem
1320 4379 1323 4386 ·

222 4474 274 4523 ‚r
351 4492 357 4506 ·
