3114 4814
340 359 390 409 Du
409 357 567 409 UNITATE
588 355 792 411 accusans
813 357 1087 411 CONSERVANDA.
1240 359 1273 410 ⁷3

156 547 284 614 quoque
300 523 453 590 ecelesias
468 524 590 611 absque
604 523 756 610 pastorali
778 547 864 607 eura,
886 548 927 591 ne
949 547 991 591 ex
1009 529 1177 592 occasione
1199 548 1276 592 suae

157 613 192 675 in
219 609 355 676 ecelesia
382 611 641 695 perseverantiae
664 610 873 694 contingeret,
896 633 930 676 se
951 610 1061 676 videre
1082 609 1134 676 vel
1157 609 1277 698 alloqui

158 698 383 782 imperatorem
414 693 624 775 Henriohum‚
655 716 750 842 quem
776 695 841 758 iarn
873 695 1037 760 audissent
1068 706 1224 781 perpetuo
1257 718 1277 758 a

159 801 217 844 suo
253 800 317 865 apa
331 776 545 844 Hildebranto
567 801 637 844 esse
681 788 854 862 amusium,
877 780 1059 865 quesitam
1080 781 1277 845 saerosanoti

156 801 370 929 anatbematis
390 861 558 926 vinculum
579 861 716 927 eoolesia
736 861 801 928 Dei
823 862 975 950 deinceps
1001 885 1066 929 non
1088 874 1197 950 posset
1218 863 1277 928 sol-

156 971 242 1032 vere,
272 969 347 1012 curn
372 944 516 1034 quilibet,
545 946 642 1011 etiam
671 948 698 1010 si
726 947 810 1012 iuste
840 947 935 1013 fuerit
957 947 1127 1014 damnatus
1149 959 1181 1015 et
1201 952 1276 1014 resi-

156 1033 285 1118 piscens
321 1040 409 1096 ostea
421 1031 596 1096 eorrexerit
607 1052 747 1095 errorem
760 1053 863 1114 suum,
877 1033 1277 1119 consequenterpossitab-

159 1115 251 1199 solvi,
265 1054 362 1181 talem
376 1113 479 1180 aDeo
493 1123 660 1201 acceptam
674 1123 866 1201 potestatem
880 1115 1015 1181 ecelesia
1029 1116 1175 1182 habente.
1198 1119 1276 1182 Eet¹

161 1202 291 1284 quidem
308 1209 481 1284 peceatum
504 1201 704 1280 admonium,
727 1223 793 1264 non
810 1201 883 1265 dieo
906 1211 1067 1266 uteretur
1084 1225 1149 1286 pro
1165 1225 1211 1283 eo,
1233 1203 1317 1266 asta
1328 1202 1408 1246 ¹·¹⁰¹²·

161 1285 319 1350 Iohannes
331 1282 503 1370 apostolus,
515 1293 544 1347 et
556 1293 602 1348 est
611 1294 780 1368 peceatum
791 1308 858 1349 non
872 1287 916 1350 ad
928 1297 1070 1366 momen,
1082 1288 1155 1352 dico
1166 1297 1200 1350 ut
1212 1309 1278 1352 ore·
1312 1263 1333 1316 ⁵’
1343 1263 1379 1305 ω’

160 1380 289 1455 turpro
300 1391 345 1434 eo.
378 1368 437 1432 Est
447 1377 617 1454 peecatum
631 1367 672 1432 ad
684 1377 819 1433 mortem
831 1371 866 1432 in
877 1369 990 1434 eodem
999 1379 1133 1456 peceato
1149 1392 1279 1434 manen-

159 1455 257 1536 tibus,
275 1460 493 1600 estpqeeeatum
506 1473 572 1516 non
586 1449 628 1515 ad
643 1464 779 1518 mortem
794 1453 836 1518 ab
852 1455 965 1518 eodem
980 1465 1115 1541 peceato
1129 1453 1278 1520 receden-

158 1537 256 1608 tibus.
282 1535 325 1602 Se
363 1544 531 1602 attestante
548 1535 698 1601 Gelasio²
713 1557 814 1624 papa:
836 1553 947 1604 Nouum
960 1561 997 1606 esc
1007 1561 1153 1620 peecatum,
1162 1571 1215 1621 pro
1229 1572 1279 1620 qao

160 1635 207 1679 aut
225 1645 279 1680 non
294 1635 349 1678 oret
364 1627 473 1678 eeclesia
488 1627 679 1689 remittendum,
697 1635 744 1678 aut
760 1627 840 1693 quod,
859 1627 926 1678 data
938 1627 989 1679 eibi
1004 1627 1132 1679 diuinitus
1141 1635 1278 1694 potestate,

159 1701 345 1754 desistentibus
371 1701 404 1750 ab
429 1701 518 1752 eodem
541 1717 596 1752 non
616 1700 702 1766 possit
725 1700 859 1752 absolvere
877 1701 920 1752 uel
932 1701 1127 1766 poenitentibus
1146 1702 1369 1776 relaaaramh·

159 1775 204 1828 eui
234 1775 348 1827 dieitur:
373 1773 562 1838 ‘Quaecunque
593 1771 746 1824 dimiseritis
776 1789 855 1840 super
883 1779 988 1838 terrun
1013 1775 1125 1826 dimissa
1153 1781 1231 1826 erunt
1256 1783 1279 1826 et
1291 1795 1324 1846 ιε,
1334 1794 1370 1836 18.

158 1849 189 1901 in
216 1850 305 1910 caelis,
335 1855 359 1899 et
390 1863 562 1913 quaeeunque
587 1847 717 1898 uolueritis
741 1863 821 1912 super
845 1852 952 1908 terram
981 1849 1069 1900 soluta
1097 1856 1173 1899 erunt
1199 1855 1223 1898 et
1250 1847 1279 1898 in

159 1928 255 1982 eaetu'.
295 1915 399 2000 Igitur
420 1913 464 1978 ad
491 1913 682 1980 remittenda
709 1922 843 1999 peecata
869 1915 988 2000 aeoipit
1016 1913 1152 1980 ecelesia
1181 1913 1281 2000 Spiri-

160 2007 229 2062 tum
257 2008 412 2081 sanotum,
441 2020 505 2084 quo
535 1999 608 2085 ipsa
630 2008 846 2083 congregatur
866 1999 900 2062 in
925 2020 1043 2081 unum3
1073 2009 1170 2085 atque
1197 1999 1280 2082 ideo,

158 2082 243 2146 sicul
263 2083 309 2147 ait
330 2083 531 2168 Augustinus
539 2093 562 2165 ³,
583 2114 616 2148 ne
638 2095 672 2148 sit
696 2095 885 2148 irremissibilis
910 2098 1019 2163 spiritus
1045 2097 1215 2162 blasphemia,
1236 2115 1280 2149 eor

159 2170 332 2238 impoenitens
357 2180 492 2237 caueatur,
517 2191 565 2225 nea
591 2171 668 2221 aliter
688 2171 814 2237 ρνοᾶεωε
831 2171 997 2236 poenitentia
1022 2171 1152 2233 credatur,
1178 2169 1232 2221 nisi
1250 2178 1280 2222 ut

161 2253 282 2297 teneatur
300 2245 418 2310 ecelesia,
438 2247 484 2298 ubi
497 2259 668 2313 peccatorum
685 2243 805 2297 remissio
823 2245 906 2296 datur
924 2254 949 2296 et
976 2246 1086 2296 societas
1115 2241 1225 2310 spiritus
1250 2243 1279 2295 in

154 2327 234 2394 paen
259 2328 365 2380 vincalo
394 2328 550 2381 custoditur.
597 2311 641 2376 Et
670 2333 767 2398 supra
799 2311 885 2375 idem
914 2312 1133 2397 Augustinus⁴
1161 2311 1195 2374 in
1217 2332 1280 2375 ser-

160 2416 255 2459 mone
284 2394 324 2460 de
349 2394 550 2482 blasphemia
576 2394 715 2481 Spiritus
744 2397 861 2460 saneti:
895 2411 1020 2478 Quisquis
1044 2411 1136 2480 lquor,
1166 2396 1279 2482 inquit,

160 2501 224 2536 reus
232 2485 319 2551 fuerit
336 2484 550 2553 impoenitentiae
570 2495 662 2537 eontra
674 2485 805 2551 spiritum,
825 2487 854 2536 in
873 2503 924 2552 quo
938 2486 1028 2537 unitae
1047 2495 1071 2538 et
1084 2485 1195 2537 societas
1213 2503 1279 2538 eom-

160 2557 294 2611 mtuiionie
316 2568 491 2627 aonqreqatur
514 2559 646 2621 eeclesiae,
672 2575 811 2624 nunquam
829 2560 870 2610 illi
887 2560 1042 2622 remittetur,
1070 2558 1135 2626 quia
1160 2559 1207 2610 boe
1229 2559 1281 2610 sibi

161 2629 266 2694 clausit,
295 2633 342 2683 ubi
370 2633 511 2684 remittitur
535 2640 560 2684 et
582 2631 673 2684 merito
699 2631 872 2683 damnabitur
899 2649 957 2683 eum
985 2633 1091 2698 spiritu,
1121 2633 1167 2698 qui
1195 2633 1225 2683 in
1253 2649 1280 2684 se

160 2704 239 2770 ipso·
263 2705 365 2758 diuisus
390 2715 435 2768 est,
460 2705 562 2756 dianus
587 2714 610 2758 et
635 2707 692 2772 ipse
716 2713 806 2756 eontra
830 2703 961 2771 Spiritum
985 2715 1115 2764 sanetum,
1141 2705 1234 2771 quiin
1253 2723 1281 2757 se

160 2776 241 2844 ipro⁸¹
260 2778 364 2832 diuisus
382 2797 437 2831 nare
456 2785 502 2831 est.

250 2846 299 2911 18.
341 2846 414 2911 Hae
443 2846 483 2911 de
506 2867 604 2911 causa
625 2855 657 2911 et
679 2843 829 2910 Clemens
851 2865 946 2931 papa,
969 2845 1020 2908 oui
1042 2866 1131 2909 more
1153 2855 1280 2946 aposto-

160 2927 224 2994 lioo
252 2939 380 3015 praeter
406 2929 461 2994 illa
489 2952 572 3017 quae
601 2930 801 2996 extrinsecus
831 2940 906 2995 sunt
933 2930 1086 2993 instantia
1107 2929 1281 2994 eotndiana

161 3022 211 3079 est
231 3013 412 3079 sollicitudo
435 3017 579 3080 omnium
601 3014 819 3095 eeclesiarum,
848 3013 991 3079 decrevit
1018 3013 1152 3078 desertis
1181 3012 1280 3079 eecle-

161 3099 218 3162 siis
242 3107 389 3197 pastores
418 3101 620 3180 constituere,
648 3101 676 3164 si
702 3099 767 3185 ipsi
788 3099 965 3164 desertores
988 3099 1132 3184 episcopi
1153 3097 1205 3164 vel
1226 3097 1280 3162 ad·

162 3183 277 3247 mon1ti
305 3181 425 3248 nollent
450 3185 555 3250 redire
582 3185 624 3248 ad
646 3185 831 3248 societatem
860 3184 991 3248 unitatis
1020 3181 1185 3248 eeclesiae.
1229 3183 1280 3249 De
1350 3234 1359 3256 .

163 3266 388 3332 seditiosorum
409 3289 537 3367 quoque
553 3269 779 3356 episcoporum
794 3289 892 3332 eausa
912 3276 944 3331 et
964 3266 1168 3332 damnatione
1190 3287 1280 3353 prae-

162 3352 250 3437 eepit
276 3350 469 3417 Germaniae
497 3353 658 3440 episeopis
686 3354 720 3416 in
747 3351 889 3452 generali
917 3351 1062 3451 synod0⁵
1089 3373 1195 3436 agere,
1225 3351 1282 3438 qui
1293 3375 1359 3417 ross.

162 3436 322 3522 ‘proprio',
345 3445 381 3500 ut
399 3436 444 3500 ait
457 3436 634 3524 apostolus,
657 3437 786 3501 ‘iudicio
808 3435 1011 3502 condemnati
1027 3437 1150 3518 esseut’,
1168 3444 1280 3522 utpote
1291 3463 1357 3503 rom.
1367 3463 1388 3514 s,
1397 3463 1418 3502 1.

163 3643 186 3698 ι)
202 3647 278 3697 iprum
295 3645 352 3696 Aua.

165 3825 193 3888 1)
221 3827 311 3877 Etiam
339 3825 468 3878 Iohannis
496 3826 579 3876 uerba
607 3842 654 3877 suo
684 3841 756 3878 more
786 3831 879 3877 anotor
906 3827 1027 3878 mutavit.
1121 3826 1149 3888 2)
1179 3825 1282 3877 Gelasii

164 3900 242 3966 epist.
268 3899 302 3950 de
328 3899 506 3951 anathematis
531 3899 652 3963 vinoulo;
681 3901 769 3952 Manui
791 3900 870 3965 VIII,
896 3916 922 3966 p.
942 3900 987 3951 90.
1079 3901 1108 3961 3)
1137 3899 1282 3964 Augustini

164 3974 255 4039 Opera
273 3973 306 4033 V,
332 3991 357 4039 p.
378 3972 441 4024 403.
465 3971 529 4024 404.
612 3973 643 4038 4)
668 3973 773 4024 Ibidem
802 3988 829 4039 p.
850 3972 912 4027 401.
1006 3970 1035 4038 b)
1059 3973 1137 4022 Haec
1163 3971 1282 4038 synodus

163 4048 256 4114 primis
276 4046 370 4098 diebus
389 4047 456 4096 Maii
475 4061 500 4096 a.
522 4043 602 4097 1085.
621 4047 788 4113 Mogantiaoi
810 4053 873 4097 aeta
892 4053 941 4098 est.
980 4045 1062 4098 Cuius
1082 4046 1192 4097 decreta
1210 4045 1282 4112 quod

163 4121 291 4186 proximis
305 4119 433 4187 deinceps
449 4120 527 4171 annis
546 4135 599 4170 uon
611 4122 677 4171 satis
694 4136 787 4171 severe
806 4121 949 4172 obseruata
962 4121 1025 4183 sint,
1044 4125 1071 4170 et
1087 4119 1159 4186 quod
1177 4134 1282 4185 poenae

164 4199 257 4245 eontra
275 4193 444 4245 adversarios
458 4193 569 4243 Henrioi
588 4194 748 4244 constitutae
767 4210 821 4245 non
839 4199 962 4260 sumptae
981 4195 1036 4245 sint
1055 4192 1089 4244 de
1108 4192 1172 4253 illis,
1192 4192 1283 4244 multis

165 4267 234 4320 loeis
252 4267 331 4319 huius
350 4267 412 4318 libri
431 4266 594 4318 waltramus
615 4269 743 4334 queritur.
