3114 4814
266 327 319 378 136
448 329 498 378 DE
522 326 681 378 UNlTATE
701 324 905 377 accessise
925 325 1201 378 CONSERVANDA.

262 497 387 560 ettam!
415 505 444 558 et
496 499 576 560 auci
602 505 688 576 auat,
718 497 776 580 qui
802 496 978 558 inveniunt
1005 515 1087 556 eam.
1130 491 1184 556 Ad
1205 492 1388 557 hanovere

266 580 343 666 quia
365 518 504 643 diffletis
527 589 577 644 est
596 600 761 660 ascensus,
783 577 856 642 ideo
878 579 976 642 etiam
997 585 1129 640 sanctus
1144 576 1385 662 Hieronymus¹

265 666 350 727 inter
378 663 443 726 alia
467 664 678 729 institutionis
704 665 826 727 monita
846 663 998 748 proponit
1019 661 1177 724 monacho
1199 661 1389 746 mysterium

267 747 319 811 sui
339 745 482 810 habitus:
511 763 565 828 Vis,
583 748 743 833 inquien8‚
765 760 841 823 seire,
866 760 958 826 quoles
976 759 1108 810 Dominus
1126 769 1240 825 quaerat
1258 757 1391 811 moetas!

268 845 374 898 Habeto
383 844 567 912 prudentiam,
586 845 725 910 iustitiam,
744 841 954 909 temperantiam,
965 840 1164 908 fortitudinem.
1192 841 1254 905 His,
1275 826 1390 911 inquit,

268 917 337 970 coeli
344 920 437 987 playie
448 919 593 983 includere,
609 919 673 970 hoec
686 925 710 970 te
722 916 859 984 quadrien
873 913 903 965 in
916 916 999 966 olima
1013 915 1086 968 velot
1101 911 1227 983 euripum
1239 913 1336 968 Christi
1351 915 1389 966 od

268 1004 364 1050 metam
376 999 597 1067 eoncaomserat.
621 987 711 1072 Ergo
726 987 828 1050 sancti
839 993 958 1068 patres,
973 984 1116 1068 quivere
1128 981 1390 1060 erantmonachi‚

268 1088 334 1130 non
355 1067 473 1149 verbis,
495 1070 552 1133 sed
573 1069 678 1152 factis,
699 1071 744 1136 ita
760 1068 995 1133 constituenmt
1015 1075 1048 1131 et
1065 1075 1237 1131 tenuerunt
1257 1066 1390 1130 modum

269 1161 366 1236 atque
388 1151 534 1236 regulam
555 1154 751 1219 monasticae
772 1153 880 1231 vestis,
909 1161 945 1216 ut
966 1160 1052 1214 esset
1072 1151 1115 1214 ad
1136 1150 1390 1216 aedificationem

270 1256 308 1298 ea
338 1234 502 1301 utentibus
531 1248 563 1308 st
591 1237 633 1302 ad
662 1238 902 1302 venerationem
932 1235 1010 1299 foris
1045 1256 1117 1298 eam
1149 1234 1391 1321 aspicientibus.

269 1317 375 1400 Unde,
398 1320 481 1383 sicut
510 1325 660 1406 egregius
682 1323 732 1386 vir
754 1319 952 1386 Cassianus²
974 1319 1088 1384 scribit
1115 1320 1148 1382 in
1170 1329 1285 1406 quarto
1307 1317 1391 1384 libro

271 1403 312 1468 de
341 1402 495 1468 institutis
522 1406 762 1488 monachorum,
791 1404 923 1492 quidam
952 1403 993 1468 de
1021 1404 1140 1468 sanetis
1168 1401 1315 1490 patribus
1345 1405 1392 1468 ita

271 1486 412 1550 instituit
439 1489 524 1552 inter
550 1499 659 1554 cetera
691 1489 852 1574 quendam
883 1489 1065 1554 venientem
1097 1486 1140 1552 ad
1172 1487 1393 1552 conversionis

273 1570 431 1634 studium:
456 1587 578 1651 Novaria,
603 1574 718 1658 inquit,
741 1589 774 1639 ab
794 1586 921 1639 hodierno
940 1587 984 1638 die
1002 1585 1064 1638 tote
1076 1587 1176 1638 mondo
1196 1595 1220 1638 et
1239 1586 1341 1638 auitos
1361 1602 1396 1635 ae

272 1660 413 1712 desideriis
438 1660 495 1712 eius
521 1678 576 1714 esse
600 1665 756 1728 defunctam
781 1671 855 1726 teque
880 1660 1024 1712 seeundum
1047 1661 1195 1725 apostolum
1213 1660 1312 1710 mimda
1331 1658 1394 1710 kaie

273 1749 328 1785 esee
341 1733 495 1800 matteum
514 1735 611 1801 tibique
629 1737 699 1788 hanc
711 1735 857 1796 mundum
876 1733 1023 1799 emydas
1040 1749 1101 1800 erqo
1118 1733 1279 1785 conditiones
1298 1731 1396 1791 cruam,

274 1807 323 1858 aab
343 1805 443 1857 totos·
462 1813 486 1857 te
506 1809 629 1876 deinceps
648 1814 811 1861 soerumeato
824 1813 924 1872 oportet
942 1806 972 1856 in
985 1805 1035 1857 kae
1054 1806 1111 1857 lece
1130 1807 1242 1870 emeat-i,
1261 1806 1327 1871 quie
1338 1805 1396 1887 ipm

275 1895 305 1940 ta
323 1905 380 1970 peon
405 1890 486 1954 vives,
512 1891 560 1942 sed
578 1892 648 1944 oioet
665 1891 696 1943 io
715 1901 739 1943 te
763 1888 811 1956 qui
834 1887 975 1955 cucifixus
995 1896 1033 1940 eet
1047 1905 1100 1955 pro
1120 1897 1152 1940 te.
1191 1889 1232 1940 Eo
1251 1905 1321 1956 erpo,
1347 1895 1394 1935 ln·

276 1967 356 2042 qutt,
380 1971 474 2022 tabita
498 1988 531 2024 ac
548 1974 650 2041 fiper-o,
675 1990 730 2038 qua
750 1989 803 2037 pro
826 1970 901 2021 nobis
919 1969 949 2020 ia
966 1971 1087 2036 patibulo
1099 1971 1159 2037 seit
1177 1973 1221 2023 tlte
1240 1987 1395 2036 suspensas,

275 2063 324 2098 nos
349 2061 452 2111 quoque
475 2062 579 2098 neeesse
605 2053 643 2098 est
660 2046 690 2097 in
709 2046 760 2096 hae
778 2045 834 2094 vita
852 2044 954 2110 decere,
974 2050 1004 2095 ut
1021 2042 1119 2095 scilieet
1138 2045 1283 2096 seeundum
1301 2043 1395 2094 David

277 2113 444 2186 affligentes¹¹
471 2119 505 2170 de
530 2120 621 2172 timore
639 2117 751 2170 Domini
769 2134 862 2168 eomes
881 2124 995 2179 nosnos,
1022 2117 1163 2169 universas
1186 2119 1336 2170 voluntates
1363 2133 1397 2166 ee

276 2191 420 2258 desyderia
437 2208 491 2242 aon
515 2201 622 2244 nostrae
646 2190 872 2256 concupiscentiae
890 2190 1040 2255 servientia,
1060 2192 1107 2242 sed
1125 2189 1320 2258 mortificationi
1338 2189 1395 2240 eius

277 2273 422 2324 habeamus
450 2275 545 2338 affixe.
601 2259 696 2324 Unde
729 2270 761 2322 et
793 2257 1023 2320 monachorum
1056 2269 1148 2342 pater
1180 2257 1395 2324 Benedictus³

277 2340 408 2419 docens,
436 2342 598 2425 quomodo
627 2351 772 2427 oporteat
803 2343 1023 2406 renuntiantes
1050 2341 1177 2407 saeculo
1211 2341 1396 2406 conversari

277 2425 312 2488 in
342 2422 429 2487 scola
450 2422 551 2488 divini
582 2427 725 2490 servitii:
751 2439 933 2505 Praetoribus,
958 2427 1073 2512 inquit,
1103 2440 1203 2494 Otaces·
1223 2458 1274 2508 per
1288 2441 1396 2508 patan-

277 2523 343 2574 tiam
366 2522 571 2589 participemur,
598 2533 628 2574 at
651 2523 728 2592 requi
758 2521 815 2575 eius
843 2532 974 2576 corwortes
999 2541 1055 2577 esse
1085 2541 1243 2576 mereamur.
1291 2509 1398 2592 Igitur

278 2589 411 2670 cuculla,
441 2613 523 2677 quae
548 2593 654 2655 minor
676 2591 756 2656 cella
777 2593 1013 2674 interpretatur,
1037 2630 1074 2638 —
1098 2603 1195 2679 atque
1217 2592 1290 2656 ideo
1313 2593 1398 2656 siout

277 2674 453 2738 monachus
484 2686 534 2740 est
554 2675 747 2741 vocabulum
778 2675 940 2760 quoddam
967 2677 1121 2762 mysterii,
1151 2677 1197 2740 sic
1219 2686 1251 2740 et
1273 2675 1398 2740 cuculla

278 2769 328 2824 est
354 2758 512 2844 quaedam
533 2760 636 2825 virtus
666 2759 868 2840 sacramenti,
891 2782 989 2845 super
1011 2759 1139 2845 qualem
1161 2759 1321 2826 sciliceta
1346 2760 1397 2822 iri-

277 2841 396 2909 tualem
423 2843 568 2908 habitum
597 2844 715 2931 legitur
743 2843 873 2929 quidam
903 2842 944 2907 de
966 2845 1086 2909 sanctis
1108 2846 1254 2930 patribus
1275 2782 1397 2908 vidisse

279 2927 416 2991 eandem
430 2929 583 2991 virtutem
600 2937 694 3009 stare,
712 2949 809 3013 quam
824 2927 907 2991 vidit
928 2950 967 2992 su
990 2950 1025 2992 er
1038 2927 1238 3014 baptismum
1260 2938 1344 2992 stare
1355 2966 1399 2975 -

279 3009 406 3074 cuculla
432 3021 550 3091 autem,
578 3012 611 3075 id
640 3022 689 3076 est
714 3011 819 3074 minor
848 3009 937 3092 cella,
967 2951 1084 3077 Eicitur
1111 3015 1209 3078 vestis
1239 3011 1399 3076 cucullata

278 3104 412 3242 propter
432 3094 603 3176 cucullum,
626 3097 682 3181 qui
704 3103 752 3158 eat
777 3095 891 3178 capitis
914 3099 1165 3181 operimentum
1196 3097 1236 3161 de
1259 3118 1322 3182 quo
1349 3097 1398 3159 sic

280 3179 342 3243 scri
368 3180 393 3242 it
414 3178 568 3264 quidam⁴
591 3179 631 3242 de
652 3179 793 3264 antiquis
814 3189 998 3264 poetarum:

429 3265 501 3327 Tem.
529 3287 589 3328 ora
611 3263 792 3328 Santonico
815 3264 903 3327 velas
925 3264 1086 3349 adoperta
1108 3263 1244 3329 ciccano.

279 3347 384 3432 Igitur
413 3368 474 3412 cuc
520 3370 540 3412 a
568 3356 616 3411 est
644 3349 754 3412 tunica
782 3345 891 3412 talaris
924 3358 956 3412 et
984 3347 1141 3412 cucullata
1171 3358 1267 3434 atque
1299 3347 1400 3410 mani-

279 3444 352 3498 cata
372 3430 495 3498 habens
516 3433 658 3518 speciem
679 3432 786 3497 crucis
832 3455 866 3496 er
879 3441 1031 3517 quattuor
1074 3443 1158 3498 artes
1181 3442 1343 3513 extensae,
1365 3442 1403 3496 ut

279 3538 364 3596 eum,
409 3517 444 3580 ui
459 3516 632 3580 crucifixus
652 3527 702 3582 est
724 3454 855 3596 munio,
878 3516 1035 3602 haecque
1059 3519 1129 3602 riga
1151 3539 1193 3581 ex
1208 3517 1296 3580 omni
1311 3521 1401 3602 parte

280 3539 451 3664 concluiat
479 3609 575 3686 atque
607 3601 764 3686 perducat
795 3598 838 3663 ad
871 3598 1032 3682 caelestia,
1065 3599 1188 3664 seilicet
1218 3599 1401 3686 prudentia,

279 3684 411 3765 iustitia,
432 3683 585 3782 fortitudo
607 3694 704 3770 atque
725 3686 946 3782 temperantia,
973 3686 1018 3749 ita
1040 3695 1076 3750 ut
1097 3686 1268 3771 prudentia
1290 3686 1401 3750 desur-

281 3789 352 3831 sum
381 3766 530 3853 copulata
556 3776 598 3831 stt
626 3789 701 3832 cum
729 3769 862 3850 iustitia,
892 3790 1028 3855 quarum
1056 3778 1170 3834 neutra
1196 3779 1304 3856 potest
1332 3791 1402 3834 esse

282 3928 305 3982 a)
322 3930 388 3970 cuius
405 3930 465 3972 Osse.
525 3927 689 3980 attingentes
706 3932 764 3972 Oeae.

284 4060 312 4128 1)
338 4063 496 4128 Hieronymi
521 4064 598 4130 epist.
619 4061 663 4113 52.
690 4063 726 4115 ad
744 4064 924 4132 Nepotianum
950 4065 984 4117 de
1003 4068 1060 4118 vita
1080 4066 1245 4117 clericorum
1265 4071 1293 4116 et
1308 4065 1405 4116 Sacer·

282 4136 383 4199 dotum,
407 4138 498 4202 Opera
521 4136 545 4205 1,
568 4138 593 4198 1,
622 4154 648 4203 p.
669 4137 732 4190 267.
817 4138 844 4202 2)
870 4138 992 4191 Cassian.
1011 4139 1059 4191 lib.
1078 4141 1127 4193 IV.
1151 4140 1184 4190 de
1204 4140 1288 4190 instit.
1307 4153 1404 4188 renun-

282 4211 360 4260 tiant.
380 4225 404 4261 c.
424 4211 469 4273 34,
492 4210 564 4262 Max.
583 4209 662 4274 bibl„
683 4210 772 4276 Lugd.
794 4212 874 4275 1677,
897 4213 962 4274 VII,
986 4229 1013 4280 p.
1033 4215 1078 4265 33.
1163 4214 1192 4277 8)
1212 4211 1316 4264 Bened.
1335 4212 1405 4276 ng.

282 4283 353 4334 Prol.
428 4284 457 4348 4)
479 4283 600 4336 Iuvenal.
620 4285 698 4348 vm,
719 4285 780 4336 146.
